Item;Order Date;Sales;Profit
Salt;11/08/2017;1254;401.28
Health Drinks;11/08/2017;749;149.8
Flour;06/12/2017;2360;165.2
Fresh Vegetables;10/11/2016;896;89.6
Organic Staples;10/11/2016;2355;918.45
Organic Staples;06/09/2015;2305;322.7
Fresh Vegetables;06/09/2015;826;346.92
Fresh Fruits;06/09/2015;1847;147.76
Biscuits;06/09/2015;791;181.93
Cakes;06/09/2015;1795;484.65
Chocolates;06/09/2015;1903;437.69
Eggs;06/09/2015;701;308.44
Cookies;4/15/2018;1659;315.21
Fresh Vegetables;12/05/2017;1277;63.85
Chicken;11/22/2016;831;207.75
Edible Oil & Ghee;11/22/2016;1440;100.8
Cakes;11/11/2015;1678;318.82
Health Drinks;5/13/2015;1617;113.19
Meat;8/27/2015;1757;386.54
Soft Drinks;8/27/2015;692;159.16
Health Drinks;8/27/2015;522;208.8
Legumes;12/09/2017;948;47.4
Soft Drinks;12/09/2017;707;148.47
Organic Vegetables;7/16/2018;969;77.52
Eggs;9/25/2016;1100;495
Chocolates;1/16/2017;2022;202.2
Cookies;1/16/2017;541;43.28
Biscuits;9/17/2016;979;401.39
Soft Drinks;9/17/2016;1988;874.72
Salt;9/17/2016;989;69.23
Soft Drinks;9/17/2016;1845;166.05
Noodles;9/17/2016;1400;420
Edible Oil & Ghee;9/17/2016;2163;670.53
Salt;9/17/2016;1689;337.8
Health Drinks;10/19/2018;809;80.9
Eggs;12/08/2017;1265;569.25
Soft Drinks;12/08/2017;934;56.04
Organic Vegetables;12/27/2016;1354;446.82
Fresh Fruits;12/27/2016;1751;280.16
Chicken;12/27/2016;2045;879.35
Health Drinks;12/27/2016;660;92.4
Soft Drinks;09/10/2018;1868;616.44
Cookies;7/17/2017;1017;345.78
Cookies;9/19/2018;2311;1039.95
Biscuits;03/11/2017;1663;731.72
Eggs;03/11/2017;1420;355
Organic Vegetables;10/20/2015;1415;509.4
Noodles;6/20/2017;1488;610.08
Noodles;6/20/2017;726;43.56
Cakes;4/18/2016;1259;415.47
Soft Drinks;4/18/2016;902;153.34
Soft Drinks;4/18/2016;2306;553.44
Cakes;4/18/2016;1417;99.19
Fresh Vegetables;12/11/2017;627;181.83
Organic Fruits;12/11/2017;760;60.8
Flour;6/17/2017;2350;611
Fish;6/17/2017;1179;271.17
Legumes;6/17/2017;1624;194.88
Meat;6/17/2017;1316;421.12
Health Drinks;6/17/2017;2121;678.72
Salt;6/17/2017;1428;271.32
Noodles;6/17/2017;706;289.46
Fish;11/24/2016;921;184.2
Fresh Fruits;11/24/2016;1741;661.58
Eggs;11/24/2016;607;200.31
Meat;11/24/2016;1824;766.08
Flour;4/30/2016;1368;383.04
Fresh Vegetables;12/05/2015;1160;510.4
Flour;12/05/2015;1294;77.64
Salt;06/04/2017;1232;554.4
Meat;9/18/2017;994;357.84
Noodles;9/14/2018;2468;1011.88
Cookies;4/26/2016;721;100.94
Organic Vegetables;4/26/2016;2375;475
Soft Drinks;4/26/2016;1965;117.9
Soft Drinks;12/09/2018;1489;193.57
Organic Fruits;12/09/2018;1250;75
Noodles;12/09/2018;1358;488.88
Cookies;11/26/2015;719;64.71
Organic Fruits;06/12/2017;2303;621.81
Health Drinks;06/12/2017;2027;912.15
Flour;10/12/2015;1739;765.16
Spices;10/12/2015;990;227.7
Soft Drinks;09/03/2016;2354;682.66
Organic Fruits;11/13/2018;1044;344.52
Spices;5/28/2018;2129;659.99
Rice;10/26/2018;1759;615.65
Eggs;10/26/2018;1663;665.2
Breads & Buns;04/05/2017;2111;189.99
Legumes;9/17/2017;1878;450.72
Chicken;9/17/2017;769;46.14
Health Drinks;9/17/2017;1241;409.53
Flour;1/31/2016;2128;383.04
Fresh Fruits;1/31/2016;2257;270.84
Chocolates;1/31/2016;1285;218.45
Fish;11/06/2018;1230;442.8
Flour;11/09/2018;1856;723.84
Fresh Fruits;6/17/2018;545;125.35
Chocolates;09/06/2017;2301;391.17
Spices;8/29/2017;1475;531
Cakes;8/29/2017;2118;910.74
Soft Drinks;8/29/2017;1527;671.88
Chocolates;12/01/2017;567;175.77
Fresh Fruits;11/13/2016;969;184.11
Legumes;11/13/2016;2300;1035
Salt;11/13/2016;1575;78.75
Health Drinks;11/23/2018;540;108
Cookies;11/23/2018;536;176.88
Eggs;11/23/2018;556;155.68
Fresh Fruits;10/15/2016;1179;271.17
Legumes;12/25/2018;1487;505.58
Breads & Buns;11/03/2017;2220;111
Edible Oil & Ghee;11/03/2017;2155;581.85
Fresh Vegetables;8/25/2015;1154;69.24
Noodles;8/25/2015;2420;242
Chocolates;8/25/2015;1305;287.1
Organic Fruits;8/25/2015;927;157.59
Organic Vegetables;03/02/2016;983;186.77
Rice;04/05/2016;903;90.3
Chicken;06/12/2017;1235;74.1
Organic Vegetables;06/12/2017;1243;174.02
Cakes;06/12/2017;649;201.19
Meat;06/12/2017;2354;188.32
Soft Drinks;06/12/2017;1443;187.59
Breads & Buns;12/26/2015;975;390
Organic Vegetables;9/20/2015;889;71.12
Meat;11/05/2018;2352;870.24
Spices;11/05/2018;1293;336.18
Rice;11/06/2017;1458;597.78
Flour;11/06/2017;1801;126.07
Chocolates;02/02/2018;1261;416.13
Soft Drinks;02/02/2018;2112;105.6
Fish;02/02/2018;640;140.8
Cakes;10/13/2017;1658;315.02
Health Drinks;10/13/2017;2373;664.44
Organic Fruits;10/13/2017;1430;514.8
Spices;10/13/2017;1873;674.28
Eggs;10/13/2017;867;329.46
Noodles;10/13/2017;1101;484.44
Meat;10/13/2017;1088;424.32
Biscuits;09/05/2017;866;381.04
Salt;9/18/2018;2483;223.47
Flour;9/18/2018;1335;293.7
Fish;9/18/2018;765;252.45
Meat;12/22/2018;2403;624.78
Edible Oil & Ghee;09/07/2016;1551;573.87
Organic Staples;10/22/2015;1564;187.68
Fresh Vegetables;12/05/2017;1125;292.5
Health Drinks;12/05/2017;768;184.32
Fish;12/05/2017;1985;734.45
Rice;12/05/2017;2287;1029.15
Chocolates;3/13/2017;1016;335.28
Cookies;3/13/2017;852;76.68
Organic Staples;5/31/2016;1233;234.27
Noodles;5/31/2016;2236;626.08
Fresh Vegetables;5/31/2016;2188;809.56
Cookies;5/28/2016;1114;456.74
Edible Oil & Ghee;03/01/2015;1774;620.9
Soft Drinks;11/20/2017;2364;1040.16
Legumes;11/20/2017;1487;148.7
Soft Drinks;05/11/2017;713;192.51
Fish;12/28/2016;737;280.06
Chocolates;11/16/2017;1004;341.36
Cookies;11/07/2017;1516;121.28
Flour;09/08/2015;1442;605.64
Health Drinks;09/08/2015;1690;422.5
Chocolates;09/08/2015;2021;343.57
Meat;09/08/2015;2340;491.4
Spices;09/08/2015;705;176.25
Chicken;09/08/2015;1215;60.75
Legumes;09/08/2015;552;237.36
Health Drinks;08/05/2015;1412;564.8
Legumes;08/05/2015;791;150.29
Organic Vegetables;08/05/2015;2476;420.92
Fresh Vegetables;9/14/2015;1747;471.69
Organic Fruits;9/14/2015;1973;848.39
Spices;4/21/2018;2025;546.75
Noodles;11/21/2016;1016;223.52
Organic Fruits;11/21/2016;689;55.12
Flour;12/15/2016;1322;343.72
Cookies;12/05/2015;1605;433.35
Health Drinks;12/05/2015;1718;171.8
Edible Oil & Ghee;11/19/2015;2177;783.72
Organic Staples;11/19/2015;578;236.98
Legumes;11/19/2015;782;195.5
Noodles;11/28/2017;1388;97.16
Cakes;8/26/2015;2264;792.4
Soft Drinks;7/16/2017;813;138.21
Organic Fruits;7/16/2017;2015;564.2
Soft Drinks;10/12/2016;1433;472.89
Organic Fruits;10/12/2016;2093;334.88
Fresh Vegetables;10/12/2016;2149;623.21
Health Drinks;10/12/2016;1972;414.12
Salt;10/12/2016;2060;432.6
Eggs;10/31/2016;1175;340.75
Edible Oil & Ghee;3/21/2015;1006;191.14
Breads & Buns;3/21/2015;1409;380.43
Organic Staples;11/06/2018;914;338.18
Meat;07/06/2018;1352;527.28
Eggs;07/06/2018;682;170.5
Organic Staples;6/24/2018;1738;243.32
Cakes;08/03/2015;2421;484.2
Organic Staples;08/03/2015;2245;404.1
Salt;12/17/2018;896;295.68
Spices;06/03/2018;1033;185.94
Meat;12/09/2018;1998;139.86
Chicken;12/01/2018;1469;646.36
Eggs;12/01/2018;1899;360.81
Meat;12/01/2018;2194;153.58
Soft Drinks;12/01/2018;1942;504.92
Organic Vegetables;12/01/2018;609;207.06
Chicken;02/09/2016;2353;423.54
Soft Drinks;01/02/2016;1591;270.47
Rice;01/02/2016;1353;527.67
Health Drinks;01/02/2016;1020;81.6
Noodles;01/02/2016;1362;177.06
Rice;01/02/2016;1733;433.25
Salt;10/28/2017;1949;97.45
Organic Fruits;10/28/2017;2368;876.16
Fresh Vegetables;12/24/2016;2110;485.3
Legumes;12/24/2016;1940;795.4
Fish;12/24/2016;1557;638.37
Fish;12/24/2016;1443;274.17
Soft Drinks;12/24/2016;2024;910.8
Chicken;12/24/2016;2168;563.68
Chicken;08/09/2016;621;173.88
Organic Staples;08/09/2016;1230;295.2
Cookies;08/09/2016;560;240.8
Edible Oil & Ghee;2/28/2016;1286;282.92
Health Drinks;2/28/2016;1242;149.04
Breads & Buns;9/13/2015;717;43.02
Soft Drinks;04/07/2018;1480;444
Legumes;04/07/2018;826;247.8
Cookies;04/07/2018;1846;276.9
Soft Drinks;04/07/2018;2045;552.15
Organic Fruits;04/07/2018;1983;773.37
Cakes;11/12/2018;650;247
Breads & Buns;06/04/2017;2163;216.3
Organic Vegetables;06/04/2017;1481;518.35
Cookies;06/04/2017;2492;124.6
Cakes;06/04/2017;962;423.28
Health Drinks;06/04/2017;1432;214.8
Edible Oil & Ghee;06/04/2017;523;78.45
Salt;06/04/2017;1540;646.8
Biscuits;06/01/2015;817;326.8
Fish;06/01/2015;2462;369.3
Organic Fruits;06/01/2015;962;288.6
Health Drinks;06/01/2015;538;59.18
Cookies;06/01/2015;1556;482.36
Health Drinks;12/10/2017;2133;959.85
Health Drinks;09/11/2017;1474;235.84
Health Drinks;09/11/2017;531;127.44
Rice;12/10/2017;1769;636.84
Organic Vegetables;12/10/2017;1257;62.85
Rice;11/28/2016;1899;170.91
Fresh Fruits;11/28/2016;1929;617.28
Soft Drinks;11/28/2016;2417;990.97
Meat;11/28/2016;1443;476.19
Soft Drinks;12/01/2018;660;290.4
Breads & Buns;12/01/2018;2114;359.38
Salt;12/01/2018;1278;63.9
Organic Staples;06/08/2018;867;216.75
Organic Staples;9/19/2015;943;150.88
Soft Drinks;9/19/2015;1836;275.4
Fish;06/06/2017;1200;420
Organic Vegetables;11/10/2016;1167;256.74
Chicken;6/16/2018;696;139.2
Salt;1/22/2017;2500;425
Cakes;12/09/2018;1507;180.84
Soft Drinks;12/09/2018;1612;612.56
Noodles;12/28/2018;764;160.44
Noodles;7/30/2016;884;282.88
Organic Fruits;7/30/2016;2443;781.76
Cakes;7/30/2016;1147;137.64
Organic Vegetables;9/16/2018;1899;493.74
Cakes;9/16/2018;744;66.96
Fish;10/13/2018;812;284.2
Salt;10/13/2018;862;137.92
Chocolates;10/13/2018;1061;286.47
Fresh Vegetables;10/13/2018;2365;520.3
Chocolates;9/26/2016;1421;454.72
Organic Vegetables;9/26/2016;1357;203.55
Soft Drinks;11/02/2016;1007;433.01
Biscuits;9/26/2016;1544;138.96
Organic Vegetables;9/26/2016;1537;599.43
Breads & Buns;9/26/2016;1530;168.3
Spices;12/18/2017;2460;738
Noodles;12/18/2017;976;429.44
Organic Fruits;12/18/2017;1106;298.62
Biscuits;11/20/2017;1165;244.65
Rice;11/20/2017;1244;497.6
Organic Fruits;11/20/2017;1992;418.32
Eggs;11/20/2017;1396;237.32
Chocolates;12/26/2015;849;263.19
Salt;12/26/2015;2488;547.36
Rice;12/26/2015;840;184.8
Edible Oil & Ghee;12/26/2015;1820;527.8
Salt;12/26/2015;1969;630.08
Organic Staples;10/28/2017;2261;994.84
Meat;10/28/2017;1793;304.81
Breads & Buns;10/28/2017;644;96.6
Edible Oil & Ghee;10/28/2017;1359;421.29
Breads & Buns;10/28/2017;1554;683.76
Cookies;11/19/2018;2090;292.6
Edible Oil & Ghee;05/04/2016;931;297.92
Breads & Buns;12/30/2015;1157;404.95
Fresh Fruits;06/01/2015;2396;383.36
Spices;06/01/2015;1677;586.95
Cookies;4/15/2018;590;200.6
Noodles;09/12/2017;1401;196.14
Edible Oil & Ghee;09/12/2017;678;189.84
Chocolates;09/12/2017;2417;797.61
Soft Drinks;09/12/2017;2211;641.19
Fresh Fruits;9/27/2015;2392;406.64
Meat;08/09/2015;1835;660.6
Noodles;08/09/2015;2281;775.54
Fresh Vegetables;12/28/2015;1583;174.13
Cakes;11/04/2015;1123;89.84
Cookies;11/04/2015;1079;410.02
Organic Staples;11/04/2015;1027;328.64
Fresh Vegetables;11/04/2015;1771;602.14
Spices;11/04/2015;1171;363.01
Cakes;9/19/2015;672;141.12
Health Drinks;4/23/2017;848;228.96
Fresh Vegetables;4/23/2017;2078;914.32
Rice;11/03/2018;1400;406
Fresh Vegetables;8/30/2017;945;226.8
Health Drinks;8/30/2017;590;82.6
Health Drinks;8/30/2017;1583;316.6
Health Drinks;8/30/2017;1534;245.44
Noodles;8/30/2017;2133;490.59
Organic Fruits;4/25/2017;2021;747.77
Health Drinks;4/25/2017;1825;164.25
Breads & Buns;4/25/2017;2029;608.7
Spices;09/01/2016;1228;442.08
Rice;09/01/2016;1501;210.14
Organic Vegetables;09/01/2016;1094;415.72
Cakes;07/12/2015;1179;106.11
Flour;07/12/2015;1127;416.99
Biscuits;6/22/2016;601;234.39
Edible Oil & Ghee;4/13/2015;1697;560.01
Soft Drinks;4/13/2015;2095;502.8
Chicken;4/13/2015;1132;215.08
Organic Vegetables;4/13/2015;1561;640.01
Chicken;12/20/2016;1238;297.12
Breads & Buns;6/15/2018;2068;165.44
Organic Vegetables;07/08/2018;1113;356.16
Rice;07/08/2018;1966;629.12
Chicken;07/08/2018;2138;684.16
Flour;09/01/2017;978;68.46
Fresh Vegetables;09/01/2017;2014;684.76
Breads & Buns;09/01/2017;645;187.05
Rice;09/01/2017;2194;680.14
Health Drinks;09/01/2017;1244;62.2
Biscuits;04/08/2017;743;289.77
Fresh Vegetables;04/08/2017;2474;593.76
Cookies;04/08/2017;1494;74.7
Spices;04/08/2017;1174;328.72
Organic Vegetables;4/23/2017;1062;435.42
Organic Vegetables;03/08/2018;2297;528.31
Noodles;03/08/2018;562;56.2
Eggs;9/25/2018;2049;655.68
Eggs;9/25/2018;570;125.4
Meat;9/25/2018;1236;333.72
Health Drinks;9/25/2018;1069;459.67
Cakes;9/24/2015;1946;622.72
Noodles;10/21/2017;595;196.35
Meat;10/21/2017;2439;658.53
Biscuits;10/21/2017;2415;555.45
Spices;10/21/2017;1725;362.25
Fresh Vegetables;5/29/2018;688;116.96
Rice;5/29/2018;1698;339.6
Breads & Buns;7/23/2015;1665;216.45
Health Drinks;7/23/2015;1309;78.54
Spices;7/23/2015;905;72.4
Meat;7/23/2015;2271;295.23
Chocolates;9/28/2017;2091;522.75
Flour;8/27/2018;1917;172.53
Rice;4/28/2016;641;179.48
Spices;4/28/2016;1192;417.2
Rice;4/28/2016;1132;464.12
Salt;10/28/2017;1727;224.51
Meat;10/28/2017;1051;378.36
Health Drinks;6/26/2016;2109;337.44
Meat;11/27/2016;1311;314.64
Organic Fruits;11/27/2016;759;265.65
Biscuits;12/03/2016;2201;462.21
Cookies;12/03/2016;1964;314.24
Chocolates;11/24/2015;1898;702.26
Biscuits;12/11/2018;2282;114.1
Breads & Buns;12/11/2018;2294;596.44
Spices;9/21/2015;2213;995.85
Flour;9/21/2015;1797;269.55
Edible Oil & Ghee;06/07/2015;1912;382.4
Rice;6/30/2018;1865;354.35
Cakes;10/17/2018;1838;753.58
Soft Drinks;10/17/2018;1626;195.12
Noodles;10/31/2016;647;71.17
Breads & Buns;09/08/2017;1042;177.14
Health Drinks;09/08/2017;1519;318.99
Health Drinks;09/08/2017;532;148.96
Chicken;09/08/2017;1477;73.85
Cakes;12/24/2015;707;98.98
Cookies;4/16/2015;1748;314.64
Salt;12/24/2018;2257;361.12
Flour;12/08/2018;762;198.12
Rice;12/08/2018;904;63.28
Fresh Fruits;12/08/2018;958;182.02
Soft Drinks;12/08/2018;2193;899.13
Eggs;12/08/2018;830;66.4
Cakes;12/08/2018;1531;505.23
Cookies;12/08/2018;2355;753.6
Edible Oil & Ghee;12/08/2018;917;256.76
Breads & Buns;12/08/2018;1433;458.56
Fish;11/03/2018;2246;965.78
Legumes;11/03/2018;2130;937.2
Cookies;6/24/2018;2461;393.76
Soft Drinks;4/14/2017;1863;167.67
Legumes;11/06/2018;1382;290.22
Health Drinks;03/04/2018;807;88.77
Fish;03/04/2018;1272;305.28
Organic Fruits;6/22/2015;1621;470.09
Breads & Buns;10/19/2018;1356;501.72
Organic Staples;10/19/2018;684;54.72
Cakes;8/21/2018;540;162
Soft Drinks;11/23/2018;1256;113.04
Health Drinks;11/23/2018;581;214.97
Noodles;09/12/2015;707;226.24
Organic Vegetables;10/01/2018;913;374.33
Rice;4/15/2017;507;96.33
Fresh Fruits;4/15/2017;1367;355.42
Organic Staples;4/15/2017;833;233.24
Soft Drinks;4/15/2017;1987;258.31
Breads & Buns;06/06/2017;1152;264.96
Noodles;12/19/2015;1362;517.56
Cookies;12/19/2015;942;122.46
Eggs;06/12/2017;2200;792
Noodles;06/12/2017;861;258.3
Salt;9/15/2018;1648;444.96
Organic Fruits;1/20/2018;1805;216.6
Fresh Vegetables;09/05/2017;620;74.4
Noodles;09/05/2017;1216;547.2
Fish;09/05/2017;686;34.3
Legumes;09/05/2017;1648;313.12
Legumes;09/05/2017;506;217.58
Chocolates;09/05/2017;1579;347.38
Chocolates;3/20/2018;550;231
Soft Drinks;04/01/2017;2020;848.4
Cakes;04/01/2017;695;104.25
Legumes;04/01/2017;2453;367.95
Salt;04/01/2017;1820;637
Meat;04/01/2017;508;152.4
Edible Oil & Ghee;04/01/2017;2459;860.65
Salt;10/20/2018;850;93.5
Biscuits;10/20/2018;2417;821.78
Noodles;12/13/2017;795;206.7
Legumes;02/12/2015;2142;664.02
Legumes;9/26/2017;1542;647.64
Chicken;9/26/2017;2411;699.19
Flour;12/15/2016;1213;206.21
Flour;12/15/2016;507;101.4
Eggs;12/15/2016;618;216.3
Health Drinks;4/22/2017;1199;167.86
Organic Staples;4/22/2017;2200;484
Fresh Vegetables;4/22/2017;1238;519.96
Soft Drinks;4/22/2017;1962;412.02
Chocolates;4/22/2017;580;139.2
Edible Oil & Ghee;1/17/2016;2412;168.84
Biscuits;3/31/2018;1224;208.08
Organic Fruits;12/16/2017;1356;216.96
Soft Drinks;12/20/2016;502;80.32
Breads & Buns;11/09/2015;2271;658.59
Chicken;11/09/2015;1977;514.02
Soft Drinks;11/09/2015;1388;208.2
Fish;11/09/2015;2115;359.55
Salt;11/09/2015;1976;790.4
Breads & Buns;11/09/2015;1323;251.37
Organic Staples;07/12/2017;639;255.6
Flour;10/27/2017;1544;633.04
Organic Fruits;6/26/2017;1223;146.76
Chocolates;6/26/2017;1224;403.92
Cakes;10/06/2015;2157;949.08
Cakes;7/22/2015;673;195.17
Flour;7/22/2015;2092;188.28
Cookies;06/10/2018;1892;491.92
Cookies;06/10/2018;1943;777.2
Organic Fruits;06/10/2018;1968;649.44
Meat;10/29/2015;1596;478.8
Cookies;06/09/2015;1637;572.95
Chocolates;06/09/2015;2232;870.48
Cakes;06/09/2015;1917;843.48
Soft Drinks;9/14/2015;531;74.34
Fresh Fruits;9/14/2015;1283;526.03
Soft Drinks;05/09/2017;937;327.95
Health Drinks;3/18/2017;1373;247.14
Soft Drinks;12/27/2016;1598;415.48
Flour;7/25/2017;1398;545.22
Health Drinks;7/25/2017;1070;53.5
Organic Vegetables;7/25/2017;1948;818.16
Meat;7/25/2017;702;161.46
Soft Drinks;5/30/2017;1953;722.61
Fish;5/30/2017;548;115.08
Cookies;5/30/2017;1952;624.64
Legumes;5/30/2017;1836;716.04
Breads & Buns;5/30/2017;2292;114.6
Health Drinks;11/12/2018;2112;380.16
Rice;3/16/2016;2354;870.98
Chocolates;3/16/2016;2061;865.62
Noodles;3/16/2016;1791;519.39
Edible Oil & Ghee;3/16/2016;2009;904.05
Organic Fruits;11/26/2018;1850;777
Breads & Buns;11/26/2018;898;80.82
Breads & Buns;10/20/2017;1070;310.3
Salt;12/21/2018;606;121.2
Health Drinks;12/21/2018;2352;564.48
Eggs;1/22/2018;1381;151.91
Eggs;1/22/2018;1170;257.4
Noodles;1/22/2018;1815;272.25
Eggs;1/22/2018;595;89.25
Breads & Buns;3/22/2016;640;256
Meat;3/22/2016;1854;519.12
Chicken;3/22/2016;2088;689.04
Fresh Vegetables;1/23/2018;1837;734.8
Salt;5/21/2017;737;221.1
Eggs;5/21/2017;2447;978.8
Chicken;12/26/2016;1102;77.14
Cakes;10/21/2018;2236;178.88
Noodles;10/21/2018;1413;155.43
Cookies;09/03/2016;1032;237.36
Breads & Buns;09/03/2016;1597;367.31
Fish;09/03/2016;1537;169.07
Chicken;11/07/2016;1245;348.6
Noodles;09/07/2018;1902;646.68
Organic Staples;5/29/2017;888;115.44
Legumes;5/29/2017;1416;396.48
Noodles;07/10/2017;739;310.38
Soft Drinks;09/03/2018;1262;302.88
Soft Drinks;12/03/2016;2241;493.02
Rice;12/07/2016;2060;412
Chocolates;12/07/2016;1633;669.53
Soft Drinks;02/01/2015;1338;374.64
Organic Fruits;7/14/2017;1382;179.66
Soft Drinks;12/18/2016;1296;388.8
Chocolates;05/11/2015;2289;526.47
Fresh Vegetables;05/11/2015;898;44.9
Chicken;05/11/2015;2017;665.61
Chocolates;11/19/2018;1404;294.84
Cakes;11/19/2018;888;337.44
Fish;11/15/2016;659;204.29
Soft Drinks;11/15/2016;1167;501.81
Chicken;11/15/2016;1471;308.91
Meat;4/15/2017;2481;421.77
Soft Drinks;09/11/2018;2336;607.36
Health Drinks;11/24/2018;1696;84.8
Spices;6/29/2018;1904;628.32
Eggs;03/03/2015;861;163.59
Organic Vegetables;06/10/2017;1505;376.25
Eggs;06/10/2017;1791;608.94
Noodles;06/10/2017;1826;91.3
Fish;11/20/2018;768;268.8
Breads & Buns;11/20/2018;1551;511.83
Organic Fruits;9/14/2015;1313;525.2
Fresh Vegetables;9/14/2015;1455;494.7
Organic Fruits;12/07/2016;777;186.48
Health Drinks;12/07/2016;2179;326.85
Fresh Fruits;12/07/2018;1527;305.4
Biscuits;10/01/2018;2207;132.42
Eggs;10/01/2018;1879;563.7
Edible Oil & Ghee;10/01/2018;1668;283.56
Rice;10/01/2018;727;247.18
Cakes;12/28/2018;979;430.76
Breads & Buns;12/28/2018;1362;381.36
Biscuits;12/28/2018;1626;650.4
Fresh Vegetables;12/28/2018;681;286.02
Eggs;11/03/2017;2017;322.72
Health Drinks;9/18/2016;980;205.8
Biscuits;9/18/2016;931;418.95
Organic Staples;9/18/2016;1454;276.26
Organic Vegetables;7/20/2018;2139;192.51
Organic Staples;7/20/2018;1456;567.84
Organic Fruits;09/10/2016;2403;480.6
Soft Drinks;12/01/2018;822;98.64
Flour;12/01/2018;750;165
Fresh Fruits;12/01/2018;1483;281.77
Fish;12/01/2018;1072;310.88
Cookies;12/01/2018;842;176.82
Chocolates;07/03/2016;1479;73.95
Spices;07/03/2016;619;229.03
Rice;3/20/2017;1784;428.16
Cakes;3/20/2017;1586;650.26
Salt;3/20/2017;1354;324.96
Organic Vegetables;3/20/2017;1545;432.6
Legumes;01/09/2015;2409;867.24
Spices;01/09/2015;1432;300.72
Noodles;08/08/2015;1443;533.91
Rice;08/08/2015;1770;177
Health Drinks;08/08/2015;1298;272.58
Eggs;08/08/2015;1674;652.86
Eggs;7/14/2017;1925;712.25
Fresh Vegetables;7/16/2017;1963;392.6
Chocolates;7/16/2017;1899;797.58
Soft Drinks;7/16/2017;2172;608.16
Spices;3/15/2015;2289;618.03
Noodles;3/15/2015;2110;590.8
Health Drinks;3/15/2015;1577;599.26
Health Drinks;3/15/2015;2092;920.48
Soft Drinks;3/15/2015;2269;907.6
Spices;5/23/2015;1426;470.58
Eggs;5/23/2015;1895;852.75
Organic Fruits;5/23/2015;580;168.2
Noodles;4/28/2017;791;142.38
Flour;4/28/2017;1167;303.42
Chocolates;09/11/2017;1138;102.42
Health Drinks;09/11/2017;885;265.5
Noodles;11/14/2018;1149;471.09
Flour;11/14/2018;753;301.2
Flour;8/18/2018;2493;922.41
Meat;8/18/2018;2236;961.48
Fish;8/18/2018;2106;884.52
Biscuits;8/18/2018;1873;618.09
Chocolates;8/18/2018;1155;138.6
Meat;12/26/2015;1881;432.63
Health Drinks;11/29/2016;2285;982.55
Biscuits;11/29/2016;561;134.64
Eggs;11/29/2016;1482;340.86
Organic Vegetables;11/29/2016;977;332.18
Flour;9/15/2018;1595;717.75
Organic Vegetables;5/19/2018;1069;128.28
Soft Drinks;12/17/2018;566;215.08
Soft Drinks;12/17/2018;1551;155.1
Chicken;12/11/2017;1279;409.28
Biscuits;12/11/2017;745;208.6
Rice;12/11/2017;540;32.4
Eggs;9/24/2018;620;43.4
Fish;9/24/2018;1931;308.96
Biscuits;10/04/2016;2151;215.1
Flour;8/15/2017;1547;665.21
Breads & Buns;8/15/2017;926;240.76
Breads & Buns;5/20/2017;1419;283.8
Cookies;5/20/2017;534;101.46
Spices;12/18/2017;2037;448.14
Flour;7/30/2018;966;183.54
Flour;7/30/2018;1125;427.5
Spices;06/10/2018;2333;139.98
Noodles;7/21/2018;1361;299.42
Eggs;12/30/2018;1656;149.04
Noodles;04/01/2017;1351;202.65
Health Drinks;04/01/2017;992;109.12
Fish;12/11/2017;559;223.6
Chocolates;12/11/2017;2404;697.16
Rice;12/11/2017;1082;421.98
Fish;10/23/2017;1051;147.14
Organic Vegetables;6/19/2018;1578;362.94
Edible Oil & Ghee;6/19/2018;1086;434.4
Cakes;8/22/2017;1703;221.39
Rice;8/22/2017;1630;537.9
Chocolates;8/22/2017;1689;236.46
Health Drinks;9/19/2017;1972;216.92
Salt;9/19/2017;1797;682.86
Soft Drinks;8/24/2016;1562;421.74
Fresh Fruits;8/24/2016;2398;671.44
Cakes;8/24/2016;2372;237.2
Soft Drinks;8/24/2016;1527;106.89
Chocolates;3/26/2017;884;150.28
Fresh Vegetables;11/04/2017;2482;645.32
Flour;06/08/2018;1250;125
Rice;06/08/2018;1548;356.04
Health Drinks;06/08/2018;2147;536.75
Fish;12/24/2015;2159;647.7
Noodles;06/09/2018;1054;432.14
Fish;06/09/2018;883;291.39
Spices;06/09/2018;1676;134.08
Fresh Vegetables;6/15/2018;2323;673.67
Eggs;12/05/2018;1292;297.16
Organic Staples;12/05/2018;2421;387.36
Cakes;12/05/2018;1204;457.52
Cookies;3/18/2018;2118;868.38
Chicken;3/18/2018;1832;549.6
Health Drinks;3/18/2018;1136;170.4
Fish;3/18/2018;1952;585.6
Health Drinks;11/19/2017;1686;573.24
Spices;11/19/2017;2202;748.68
Chicken;11/19/2017;2397;743.07
Chocolates;11/04/2018;1709;615.24
Noodles;11/04/2018;2340;444.6
Spices;07/05/2015;1130;327.7
Salt;07/05/2015;960;144
Cakes;07/05/2015;2142;149.94
Salt;12/25/2018;774;69.66
Rice;6/21/2015;2427;461.13
Organic Staples;6/21/2015;2231;379.27
Chicken;6/21/2015;1163;314.01
Spices;3/28/2016;520;52
Breads & Buns;3/28/2016;713;299.46
Biscuits;5/14/2016;2128;425.6
Meat;5/14/2016;2302;230.2
Salt;5/14/2016;1735;572.55
Health Drinks;5/14/2016;2178;718.74
Chicken;5/14/2016;2173;956.12
Edible Oil & Ghee;5/14/2016;1064;234.08
Health Drinks;5/14/2016;1259;276.98
Breads & Buns;09/02/2018;2086;229.46
Spices;11/04/2017;2062;268.06
Biscuits;04/09/2016;2463;197.04
Legumes;09/12/2015;506;136.62
Chicken;09/12/2015;1354;500.98
Chocolates;09/12/2015;1030;247.2
Salt;12/02/2015;530;174.9
Soft Drinks;12/02/2015;1409;408.61
Breads & Buns;12/02/2015;1419;255.42
Flour;04/05/2015;2371;900.98
Noodles;09/03/2018;1078;258.72
Eggs;5/19/2018;1084;54.2
Flour;5/19/2018;1498;179.76
Legumes;5/19/2018;1797;449.25
Legumes;07/01/2015;1596;351.12
Fresh Fruits;01/11/2015;2019;868.17
Breads & Buns;9/24/2018;2146;643.8
Eggs;06/02/2015;544;174.08
Fresh Vegetables;06/02/2015;1271;152.52
Soft Drinks;2/13/2017;762;129.54
Cakes;12/15/2017;1862;800.66
Edible Oil & Ghee;12/15/2017;617;209.78
Fish;10/07/2015;2130;426
Legumes;07/07/2017;1272;63.6
Legumes;9/16/2018;661;92.54
Chicken;9/16/2018;2290;480.9
Health Drinks;12/03/2017;1182;260.04
Salt;12/03/2017;2128;893.76
Salt;12/03/2017;2042;735.12
Eggs;12/03/2017;1819;582.08
Cakes;12/03/2017;2310;993.3
Breads & Buns;1/21/2018;1405;252.9
Soft Drinks;1/21/2018;2103;883.26
Spices;1/21/2018;2158;366.86
Noodles;1/21/2018;1399;307.78
Cookies;1/21/2018;1333;199.95
Noodles;1/21/2018;2014;443.08
Edible Oil & Ghee;09/08/2015;1808;108.48
Cakes;01/04/2015;2033;325.28
Health Drinks;01/04/2015;698;223.36
Chocolates;01/04/2015;759;174.57
Organic Staples;8/27/2017;700;252
Cakes;8/27/2017;550;203.5
Organic Staples;8/27/2017;1454;232.64
Chicken;8/27/2017;1194;143.28
Spices;5/27/2015;637;267.54
Meat;5/27/2015;516;196.08
Fresh Vegetables;3/20/2017;2238;604.26
Eggs;10/02/2018;2032;386.08
Edible Oil & Ghee;10/02/2018;1842;755.22
Organic Fruits;10/02/2018;1589;190.68
Rice;10/02/2018;1531;214.34
Eggs;04/07/2017;1641;656.4
Cakes;12/07/2016;1586;697.84
Soft Drinks;9/18/2017;1655;380.65
Noodles;12/29/2015;1958;215.38
Fresh Fruits;12/29/2015;1083;249.09
Cakes;7/23/2018;2031;101.55
Fish;9/18/2018;1617;80.85
Health Drinks;8/31/2016;1758;580.14
Flour;11/03/2018;1881;733.59
Chocolates;02/08/2016;1658;132.64
Health Drinks;1/13/2015;1401;462.33
Chicken;1/13/2015;1949;760.11
Health Drinks;1/13/2015;2239;985.16
Noodles;1/13/2015;1903;666.05
Flour;1/13/2015;1367;136.7
Flour;5/14/2015;1000;420
Rice;5/19/2017;535;219.35
Fish;1/30/2018;1562;218.68
Fish;1/30/2018;1114;189.38
Organic Staples;1/30/2018;2382;119.1
Spices;1/30/2018;649;201.19
Organic Fruits;1/30/2018;1880;601.6
Health Drinks;1/30/2018;825;255.75
Cookies;6/29/2015;1026;379.62
Rice;8/21/2016;1273;152.76
Legumes;8/21/2016;1072;182.24
Eggs;8/21/2016;1794;430.56
Cakes;8/21/2016;1889;604.48
Eggs;10/03/2016;2196;790.56
Rice;10/03/2016;1856;705.28
Legumes;10/03/2016;2406;1010.52
Eggs;10/03/2016;1746;576.18
Chicken;5/23/2016;704;154.88
Breads & Buns;3/17/2018;1787;268.05
Cookies;12/12/2016;825;313.5
Cookies;6/26/2016;1702;663.78
Noodles;6/26/2016;1167;233.4
Legumes;6/26/2016;1059;349.47
Breads & Buns;6/26/2016;1546;479.26
Fresh Fruits;5/20/2017;2135;576.45
Chocolates;9/20/2015;1802;558.62
Spices;9/20/2015;979;78.32
Organic Staples;9/21/2018;816;155.04
Organic Staples;12/24/2016;663;218.79
Organic Staples;12/24/2016;1627;715.88
Health Drinks;12/24/2016;1549;588.62
Organic Vegetables;11/27/2016;2018;585.22
Cookies;2/20/2018;1983;456.09
Organic Vegetables;2/20/2018;2029;385.51
Eggs;8/18/2017;1980;118.8
Legumes;03/12/2017;2375;332.5
Cakes;4/22/2018;1736;86.8
Noodles;11/01/2015;1843;313.31
Flour;11/01/2015;1176;529.2
Biscuits;02/03/2016;662;165.5
Fish;02/03/2016;1501;345.23
Fresh Fruits;10/13/2015;1900;722
Eggs;10/13/2015;1471;147.1
Fish;10/13/2015;874;367.08
Breads & Buns;10/13/2015;1259;415.47
Noodles;5/14/2018;1670;83.5
Organic Fruits;5/14/2018;1801;468.26
Soft Drinks;3/20/2016;1776;372.96
Soft Drinks;9/15/2017;2031;243.72
Breads & Buns;6/28/2015;2081;478.63
Chocolates;6/28/2015;2166;714.78
Soft Drinks;6/28/2015;1152;391.68
Fresh Vegetables;6/28/2015;1831;128.17
Health Drinks;6/28/2015;2313;693.9
Biscuits;6/20/2018;1918;421.96
Organic Staples;6/20/2018;1580;553
Chocolates;05/09/2015;506;86.02
Cookies;05/09/2015;1291;477.67
Cakes;8/21/2018;681;211.11
Breads & Buns;8/21/2018;553;27.65
Legumes;8/21/2018;693;173.25
Chicken;6/16/2018;1712;650.56
Soft Drinks;6/16/2018;1336;160.32
Cookies;6/16/2018;1095;339.45
Soft Drinks;6/16/2018;1950;682.5
Organic Staples;7/23/2017;1478;251.26
Flour;7/23/2017;1726;759.44
Soft Drinks;7/23/2017;1423;270.37
Noodles;09/08/2015;506;65.78
Breads & Buns;11/04/2018;866;147.22
Eggs;03/07/2017;982;235.68
Spices;11/20/2016;1287;579.15
Meat;11/20/2016;2205;463.05
Flour;11/20/2016;1808;162.72
Chicken;11/07/2017;680;108.8
Rice;11/07/2017;2386;858.96
Soft Drinks;11/07/2017;2280;615.6
Health Drinks;11/07/2017;2008;742.96
Organic Staples;10/13/2016;652;123.88
Cakes;10/13/2016;2076;103.8
Salt;01/01/2018;1353;419.43
Fresh Vegetables;02/07/2015;740;155.4
Health Drinks;6/20/2017;1100;308
Fish;6/20/2017;1759;211.08
Eggs;5/28/2017;2099;230.89
Cakes;2/19/2017;1935;638.55
Spices;2/19/2017;1316;105.28
Noodles;08/03/2015;2040;510
Organic Staples;08/03/2015;1742;487.76
Legumes;08/03/2015;1559;420.93
Biscuits;04/10/2018;1141;148.33
Meat;04/10/2018;2060;679.8
Flour;06/09/2015;1426;570.4
Breads & Buns;06/09/2015;1263;88.41
Legumes;01/05/2017;1880;714.4
Meat;01/05/2017;899;224.75
Flour;01/05/2017;1417;524.29
Chicken;01/10/2015;1066;191.88
Fish;01/10/2015;1330;119.7
Health Drinks;9/29/2017;1677;603.72
Health Drinks;04/06/2015;627;250.8
Organic Staples;09/03/2017;1598;719.1
Breads & Buns;09/03/2017;1852;796.36
Edible Oil & Ghee;10/19/2016;1970;492.5
Fish;12/10/2015;1504;135.36
Organic Vegetables;12/10/2015;1795;448.75
Flour;8/25/2018;693;187.11
Soft Drinks;1/17/2017;866;207.84
Spices;1/17/2017;1704;766.8
Cakes;1/17/2017;1306;404.86
Rice;9/17/2015;1761;352.2
Cakes;11/30/2018;2195;373.15
Health Drinks;11/30/2018;1733;623.88
Organic Vegetables;10/09/2016;882;97.02
Breads & Buns;12/23/2018;2137;512.88
Fresh Vegetables;10/22/2017;2172;304.08
Cookies;4/29/2015;804;64.32
Edible Oil & Ghee;4/25/2016;1436;588.76
Organic Staples;6/26/2018;1798;359.6
Flour;10/14/2018;2043;204.3
Health Drinks;12/09/2015;1762;123.34
Breads & Buns;6/20/2018;1290;399.9
Breads & Buns;6/20/2018;1615;613.7
Legumes;6/26/2018;748;224.4
Noodles;6/26/2018;2275;318.5
Spices;6/26/2018;1056;211.2
Salt;11/10/2017;1778;266.7
Flour;11/10/2017;783;195.75
Legumes;10/03/2017;2263;429.97
Organic Fruits;09/09/2015;1752;350.4
Eggs;10/29/2018;1647;708.21
Soft Drinks;04/10/2017;1966;393.2
Chocolates;11/11/2018;745;37.25
Fish;11/11/2018;1233;480.87
Chicken;9/15/2018;1331;212.96
Edible Oil & Ghee;04/08/2017;2336;116.8
Health Drinks;04/08/2017;1441;634.04
Noodles;04/08/2017;951;85.59
Chocolates;12/30/2018;1240;458.8
Cookies;12/30/2018;1854;685.98
Chocolates;12/30/2018;1167;455.13
Legumes;09/02/2018;2372;853.92
Organic Vegetables;09/02/2018;1579;442.12
Legumes;09/02/2018;1734;329.46
Health Drinks;5/31/2016;2069;558.63
Cakes;11/27/2018;1404;238.68
Rice;11/27/2018;2048;552.96
Soft Drinks;6/15/2015;1008;302.4
Eggs;6/15/2015;1539;507.87
Spices;6/15/2015;2459;442.62
Chocolates;03/05/2017;1249;462.13
Cakes;03/05/2017;1410;70.5
Fish;12/05/2015;845;354.9
Chicken;04/11/2016;558;189.72
Organic Staples;04/11/2016;1783;374.43
Noodles;04/11/2016;2232;491.04
Legumes;9/15/2017;1967;885.15
Biscuits;9/13/2015;1118;402.48
Spices;9/13/2015;1964;451.72
Noodles;10/05/2016;938;300.16
Biscuits;10/05/2016;2127;425.4
Soft Drinks;4/14/2018;1198;179.7
Rice;4/14/2018;905;307.7
Cakes;4/14/2018;1655;662
Fresh Vegetables;09/02/2018;712;306.16
Organic Fruits;6/20/2017;735;183.75
Chocolates;6/20/2017;664;92.96
Spices;6/20/2017;1004;200.8
Soft Drinks;6/20/2017;1641;262.56
Cakes;11/05/2018;1972;138.04
Biscuits;12/13/2016;1551;666.93
Edible Oil & Ghee;12/13/2016;1703;255.45
Fresh Vegetables;6/19/2017;1208;410.72
Salt;12/13/2017;1681;151.29
Biscuits;12/13/2017;1988;238.56
Flour;5/29/2016;2135;704.55
Organic Fruits;5/29/2016;1254;551.76
Spices;5/29/2016;2105;252.6
Fresh Vegetables;7/26/2016;1140;273.6
Chocolates;11/28/2018;2480;248
Soft Drinks;11/28/2018;2439;195.12
Legumes;11/28/2018;546;65.52
Salt;11/28/2018;951;95.1
Flour;11/28/2018;2279;113.95
Chocolates;04/03/2018;1102;495.9
Fresh Vegetables;12/28/2018;1992;338.64
Spices;12/28/2018;963;182.97
Organic Vegetables;11/30/2018;1011;161.76
Eggs;5/15/2018;992;148.8
Chicken;5/15/2018;1702;408.48
Chicken;5/15/2018;2341;117.05
Biscuits;9/22/2016;945;425.25
Chocolates;11/14/2018;1161;441.18
Soft Drinks;11/27/2016;1097;252.31
Breads & Buns;09/01/2017;2319;417.42
Edible Oil & Ghee;9/22/2015;1758;158.22
Noodles;04/09/2018;1792;197.12
Cakes;04/09/2018;2432;753.92
Edible Oil & Ghee;04/09/2018;2049;778.62
Breads & Buns;04/09/2018;2229;267.48
Cakes;04/09/2018;1120;459.2
Meat;04/09/2018;1481;88.86
Rice;1/16/2015;1398;139.8
Health Drinks;1/16/2015;990;237.6
Spices;1/16/2015;2152;430.4
Meat;1/16/2015;1169;362.39
Organic Staples;10/05/2018;617;197.44
Cakes;10/05/2018;1090;250.7
Fresh Vegetables;07/09/2018;1205;494.05
Fish;01/07/2018;758;303.2
Meat;5/30/2017;1074;118.14
Breads & Buns;12/09/2016;829;49.74
Chocolates;10/03/2017;618;148.32
Legumes;11/11/2015;911;91.1
Edible Oil & Ghee;11/11/2015;1722;154.98
Soft Drinks;11/11/2015;1660;315.4
Biscuits;9/29/2018;2494;548.68
Fish;9/29/2018;2444;415.48
Noodles;9/29/2018;1175;70.5
Fish;03/10/2016;1868;317.56
Spices;5/21/2018;1862;409.64
Chocolates;5/21/2018;869;243.32
Cookies;3/29/2016;1747;244.58
Rice;09/09/2017;1612;386.88
Biscuits;8/26/2017;2297;895.83
Health Drinks;8/26/2017;1534;475.54
Cookies;5/21/2015;807;80.7
Fresh Vegetables;5/21/2015;575;132.25
Chocolates;10/28/2016;1805;649.8
Edible Oil & Ghee;10/28/2016;1700;459
Soft Drinks;10/28/2016;1010;141.4
Breads & Buns;10/28/2016;748;89.76
Cookies;11/10/2017;2361;118.05
Health Drinks;12/22/2018;672;275.52
Cakes;08/07/2016;817;98.04
Chocolates;10/01/2017;2139;962.55
Fish;10/29/2017;2198;351.68
Chocolates;12/22/2018;2176;500.48
Spices;05/12/2015;905;108.6
Fresh Vegetables;12/01/2015;1541;600.99
Cookies;08/03/2018;2343;515.46
Organic Staples;9/24/2018;567;147.42
Eggs;11/19/2018;1712;188.32
Chocolates;05/05/2015;1756;684.84
Fish;6/29/2018;896;367.36
Fish;9/20/2015;627;56.43
Fresh Vegetables;12/15/2015;764;320.88
Spices;5/14/2018;2447;415.99
Breads & Buns;10/24/2018;1178;200.26
Fish;11/18/2015;1258;226.44
Organic Vegetables;8/28/2017;1425;441.75
Health Drinks;6/29/2018;1889;774.49
Legumes;3/14/2017;2396;311.48
Spices;11/18/2015;1396;237.32
Flour;4/26/2018;1792;680.96
Eggs;11/18/2015;1305;404.55
Biscuits;9/27/2016;1703;681.2
Soft Drinks;5/17/2017;2184;393.12
Flour;10/13/2018;721;129.78
Health Drinks;10/10/2017;1539;184.68
Noodles;06/03/2015;2491;323.83
Cookies;6/25/2016;875;385
Noodles;10/17/2017;1177;411.95
Chicken;07/03/2018;1398;489.3
Chocolates;09/02/2015;1379;441.28
Spices;12/01/2015;2222;688.82
Flour;12/05/2018;1540;569.8
Health Drinks;08/09/2016;2273;909.2
Fresh Fruits;12/01/2015;1655;264.8
Cookies;12/04/2017;604;126.84
Meat;08/09/2016;1123;505.35
Health Drinks;5/17/2017;517;82.72
Organic Vegetables;03/09/2017;1274;445.9
Chicken;09/10/2015;1414;622.16
Health Drinks;2/14/2017;2476;891.36
Flour;4/21/2018;1466;659.7
Organic Staples;10/14/2015;1807;704.73
Fresh Vegetables;07/08/2015;1998;119.88
Cakes;6/29/2016;768;299.52
Flour;11/14/2017;729;51.03
Biscuits;9/20/2015;684;294.12
Cookies;10/04/2015;842;370.48
Breads & Buns;3/26/2018;1838;257.32
Spices;9/20/2015;681;81.72
Edible Oil & Ghee;11/20/2018;1733;207.96
Salt;02/11/2018;1678;755.1
Eggs;05/03/2017;1862;819.28
Health Drinks;12/10/2018;1015;294.35
Cookies;9/18/2017;650;253.5
Health Drinks;4/17/2018;2120;742
Health Drinks;9/16/2018;678;47.46
Biscuits;12/01/2018;1436;516.96
Organic Fruits;12/10/2018;2464;837.76
Cakes;07/11/2016;1268;63.4
Salt;12/15/2016;601;246.41
Organic Fruits;07/11/2016;1482;548.34
Spices;9/14/2018;1495;343.85
Organic Fruits;11/23/2018;1939;135.73
Organic Vegetables;12/30/2017;1948;642.84
Organic Vegetables;9/18/2017;619;229.03
Salt;10/15/2015;525;157.5
Breads & Buns;9/14/2018;784;266.56
Organic Staples;2/14/2017;2123;148.61
Meat;11/30/2018;1656;629.28
Cakes;07/11/2016;967;251.42
Health Drinks;10/21/2015;1137;466.17
Health Drinks;08/09/2016;1596;526.68
Salt;07/07/2018;722;259.92
Legumes;7/28/2017;1419;85.14
Salt;5/30/2018;900;405
Fresh Vegetables;12/02/2018;2097;880.74
Biscuits;04/07/2015;589;170.81
Cakes;11/05/2017;1069;288.63
Soft Drinks;02/06/2018;1216;231.04
Flour;12/05/2017;859;180.39
Edible Oil & Ghee;5/30/2018;2301;161.07
Biscuits;10/22/2017;805;193.2
Fish;10/13/2018;2021;848.82
Cookies;04/08/2017;1364;95.48
Soft Drinks;11/05/2017;1032;206.4
Fish;4/16/2016;2388;597
Cakes;12/09/2017;924;120.12
Fresh Fruits;4/16/2016;615;221.4
Salt;11/21/2016;1085;455.7
Edible Oil & Ghee;09/05/2015;2151;795.87
Meat;11/30/2016;1073;397.01
Chocolates;05/01/2018;951;95.1
Rice;12/10/2018;745;149
Rice;12/25/2018;1850;388.5
Soft Drinks;11/11/2018;1757;597.38
Chicken;05/01/2017;2191;810.67
Salt;9/29/2018;1532;337.04
Edible Oil & Ghee;3/13/2016;1423;156.53
Chocolates;10/30/2018;1673;602.28
Organic Fruits;12/08/2018;1108;409.96
Health Drinks;09/12/2018;1637;343.77
Salt;10/14/2018;2389;238.9
Organic Vegetables;09/07/2018;566;249.04
Chocolates;11/16/2018;1353;432.96
Soft Drinks;11/15/2015;2410;241
Fresh Fruits;7/20/2015;1008;372.96
Health Drinks;4/21/2018;1734;173.4
Cookies;08/12/2018;1066;234.52
Cookies;8/21/2018;1197;418.95
Cakes;11/24/2015;758;90.96
Flour;5/27/2018;2181;545.25
Eggs;09/07/2018;1702;238.28
Chicken;07/04/2017;2439;1097.55
Fish;12/03/2017;1226;294.24
Organic Vegetables;7/31/2018;834;366.96
Spices;11/04/2017;1137;238.77
Organic Fruits;6/17/2017;2102;210.2
Meat;1/31/2015;1820;819
Biscuits;07/04/2017;1088;108.8
Salt;9/29/2018;1555;279.9
Cookies;03/07/2015;610;54.9
Chocolates;10/02/2016;2440;244
Meat;8/22/2018;1167;198.39
Flour;11/23/2015;1234;74.04
Fresh Fruits;11/03/2017;1389;555.6
Fish;10/11/2015;1285;385.5
Salt;6/20/2017;1239;322.14
Breads & Buns;10/30/2018;1831;109.86
Soft Drinks;12/20/2015;1605;497.55
Cakes;12/20/2015;2343;328.02
Spices;04/12/2017;840;67.2
Soft Drinks;4/23/2018;2467;888.12
Chocolates;6/17/2017;1004;100.4
Fresh Fruits;05/05/2017;617;252.97
Cakes;8/21/2018;1652;710.36
Fresh Fruits;10/01/2017;732;175.68
Organic Fruits;10/01/2018;1231;110.79
Meat;6/17/2017;1586;317.2
Salt;11/23/2015;1425;384.75
Chocolates;1/27/2016;1018;274.86
Noodles;6/16/2018;1810;307.7
Chicken;10/30/2018;621;111.78
Health Drinks;05/05/2018;2300;805
Chocolates;1/19/2015;1064;457.52
Fresh Vegetables;12/17/2016;1298;64.9
Fresh Vegetables;10/15/2016;613;275.85
Breads & Buns;10/22/2018;1857;761.37
Organic Fruits;12/17/2016;1753;350.6
Eggs;12/17/2016;2209;287.17
Eggs;12/10/2017;2126;106.3
Breads & Buns;09/07/2018;1154;80.78
Cakes;09/01/2018;665;252.7
Cakes;12/17/2016;2338;116.9
Chocolates;12/11/2018;2253;292.89
Organic Vegetables;10/30/2018;1082;194.76
Legumes;10/15/2016;1192;298
Soft Drinks;5/26/2017;1190;226.1
Organic Fruits;12/11/2018;1405;266.95
Salt;10/30/2018;1603;721.35
Flour;8/25/2016;1996;658.68
Soft Drinks;12/14/2018;940;347.8
Fresh Fruits;12/01/2016;1621;713.24
Health Drinks;8/25/2016;2329;558.96
Rice;2/18/2015;547;164.1
Fish;12/14/2018;1821;327.78
Eggs;10/15/2016;1717;669.63
Salt;11/13/2016;1231;258.51
Health Drinks;05/04/2015;1055;94.95
Cookies;5/25/2018;2274;977.82
Organic Staples;06/04/2017;683;293.69
Organic Staples;3/17/2017;1365;163.8
Salt;9/25/2016;1588;428.76
Cakes;03/05/2016;1743;610.05
Health Drinks;06/04/2017;855;111.15
Noodles;5/14/2017;1073;107.3
Eggs;3/16/2018;1940;232.8
Edible Oil & Ghee;12/06/2016;1238;321.88
Fresh Fruits;1/15/2017;2338;537.74
Fish;10/12/2018;1919;594.89
Organic Fruits;09/07/2016;2008;301.2
Health Drinks;6/30/2018;1434;616.62
Spices;7/31/2016;1139;296.14
Eggs;9/14/2015;1378;96.46
Fish;11/05/2015;2131;277.03
Cakes;07/06/2018;1941;718.17
Biscuits;10/28/2017;1879;93.95
Cakes;10/28/2017;1770;88.5
Noodles;10/28/2017;613;49.04
Spices;10/20/2018;1024;81.92
Edible Oil & Ghee;7/28/2015;1894;473.5
Fresh Vegetables;3/31/2015;723;65.07
Health Drinks;8/13/2016;1033;351.22
Salt;09/04/2017;2264;226.4
Spices;9/13/2015;1574;94.44
Chocolates;10/22/2017;2292;252.12
Flour;09/11/2018;560;50.4
Fresh Vegetables;9/24/2018;1229;405.57
Flour;10/31/2016;2409;505.89
Fresh Fruits;08/08/2016;2338;116.9
Chocolates;09/08/2017;505;45.45
Fish;09/11/2018;775;341
Chicken;11/24/2018;1888;415.36
Spices;11/24/2018;1170;362.7
Cookies;4/14/2017;858;77.22
Meat;10/31/2016;1335;307.05
Biscuits;12/11/2017;1088;446.08
Health Drinks;3/22/2017;2129;830.31
Flour;12/11/2017;1120;56
Rice;02/11/2015;1209;60.45
Spices;11/18/2017;2146;386.28
Health Drinks;1/16/2018;1717;412.08
Meat;1/29/2018;2290;938.9
Fish;02/11/2015;2333;839.88
Chocolates;09/07/2015;2374;997.08
Fish;09/07/2015;601;30.05
Meat;10/20/2017;1224;550.8
Health Drinks;5/26/2016;764;114.6
Chocolates;8/20/2015;2059;102.95
Organic Staples;5/21/2015;2016;645.12
Chocolates;6/25/2017;1147;504.68
Edible Oil & Ghee;12/01/2017;1973;848.39
Health Drinks;4/20/2015;2131;362.27
Chocolates;10/03/2015;2187;131.22
Meat;10/09/2018;842;303.12
Soft Drinks;9/13/2016;1008;403.2
Meat;12/01/2017;2194;153.58
Edible Oil & Ghee;5/26/2016;2061;886.23
Salt;01/02/2018;1846;406.12
Soft Drinks;4/20/2015;1030;257.5
Noodles;09/10/2017;781;62.48
Organic Vegetables;5/24/2016;751;127.67
Cakes;07/12/2016;1753;385.66
Fresh Fruits;5/30/2018;1336;440.88
Legumes;01/03/2016;1951;370.69
Cookies;06/07/2015;1857;501.39
Eggs;09/08/2018;1211;72.66
Biscuits;07/12/2016;1840;257.6
Fish;03/05/2016;1401;280.2
Cakes;4/28/2017;1238;544.72
Edible Oil & Ghee;11/19/2018;725;181.25
Legumes;6/25/2017;789;181.47
Organic Vegetables;10/17/2015;1987;397.4
Noodles;06/12/2018;598;47.84
Fresh Fruits;12/06/2015;1074;193.32
Fish;12/02/2018;2038;203.8
Meat;11/06/2018;856;316.72
Cakes;06/04/2018;976;409.92
Meat;12/16/2015;659;144.98
Organic Staples;7/18/2016;1530;214.2
Meat;9/22/2018;1224;97.92
Legumes;3/19/2017;1650;346.5
Health Drinks;6/28/2017;1109;221.8
Chocolates;09/03/2017;929;325.15
Eggs;3/31/2018;2074;601.46
Breads & Buns;12/08/2018;1774;212.88
Cookies;10/31/2015;2062;144.34
Soft Drinks;11/25/2015;663;271.83
Organic Vegetables;09/03/2017;2080;145.6
Soft Drinks;9/15/2018;622;37.32
Organic Vegetables;11/07/2016;2087;166.96
Noodles;6/24/2018;1536;245.76
Cakes;03/06/2018;767;222.43
Fish;8/24/2016;1888;320.96
Cakes;10/31/2015;1504;300.8
Fresh Fruits;12/01/2017;809;137.53
Breads & Buns;9/29/2015;728;167.44
Legumes;3/19/2017;737;294.8
Rice;10/31/2015;1631;456.68
Chicken;12/01/2017;2036;101.8
Organic Vegetables;05/12/2018;1033;392.54
Edible Oil & Ghee;09/01/2018;832;158.08
Fish;11/26/2018;2397;1006.74
Edible Oil & Ghee;11/05/2018;1659;547.47
Biscuits;6/24/2018;959;402.78
Chocolates;11/05/2018;2348;469.6
Organic Fruits;12/05/2016;815;244.5
Fresh Fruits;11/01/2016;2417;314.21
Cookies;7/15/2018;1628;374.44
Cookies;09/12/2015;2083;770.71
Chocolates;12/04/2016;2201;814.37
Organic Staples;7/13/2016;1203;168.42
Fish;6/25/2018;2250;922.5
Salt;12/01/2015;1098;428.22
Legumes;3/27/2018;1717;652.46
Noodles;08/01/2017;1368;300.96
Salt;1/19/2018;1296;336.96
Organic Staples;09/06/2017;525;99.75
Meat;5/18/2015;635;146.05
Chicken;12/27/2015;2097;880.74
Fresh Fruits;11/14/2017;1505;346.15
Cookies;09/09/2015;2057;143.99
Meat;7/25/2018;1510;90.6
Organic Vegetables;6/21/2018;583;180.73
Breads & Buns;03/11/2015;1189;237.8
Organic Fruits;12/19/2017;1569;156.9
Fresh Fruits;7/13/2018;1503;180.36
Soft Drinks;8/27/2017;2413;1085.85
Fresh Fruits;10/31/2015;861;370.23
Soft Drinks;1/27/2016;2334;490.14
Organic Fruits;11/14/2017;2306;714.86
Fresh Vegetables;1/19/2018;2314;647.92
Organic Vegetables;12/01/2017;2432;1094.4
Legumes;12/01/2015;2172;369.24
Soft Drinks;8/17/2018;2228;111.4
Cakes;10/12/2016;1970;374.3
Cookies;7/25/2018;1510;377.5
Health Drinks;11/05/2018;2250;495
Biscuits;08/12/2017;1206;373.86
Salt;3/24/2017;959;143.85
Fresh Vegetables;05/10/2015;1259;302.16
Salt;12/29/2018;1299;493.62
Health Drinks;10/27/2017;1508;316.68
Noodles;09/06/2016;2041;816.4
Health Drinks;4/29/2015;1102;297.54
Rice;3/27/2018;1690;135.2
Biscuits;08/06/2018;752;255.68
Health Drinks;9/23/2017;2393;454.67
Biscuits;12/29/2018;955;429.75
Edible Oil & Ghee;07/10/2018;1585;190.2
Edible Oil & Ghee;11/08/2016;526;152.54
Cookies;12/23/2017;1158;463.2
Health Drinks;11/03/2017;1021;357.35
Fish;12/25/2018;2444;513.24
Legumes;11/03/2017;1656;165.6
Salt;08/06/2018;1710;376.2
Rice;1/13/2015;1497;164.67
Salt;12/25/2016;1013;243.12
Noodles;12/23/2017;1318;329.5
Chicken;12/16/2015;1655;513.05
Biscuits;6/30/2017;951;275.79
Cookies;02/02/2017;723;122.91
Cakes;06/09/2015;697;132.43
Health Drinks;12/29/2018;1161;301.86
Legumes;12/19/2015;2279;592.54
Biscuits;12/23/2015;1995;778.05
Fresh Fruits;8/15/2017;623;199.36
Fresh Fruits;8/23/2018;660;59.4
Organic Vegetables;11/06/2018;2152;215.2
Health Drinks;7/27/2018;2255;473.55
Legumes;1/21/2015;2312;485.52
Health Drinks;10/28/2018;717;301.14
Cakes;08/08/2015;1234;61.7
Cookies;7/27/2018;2487;696.36
Biscuits;1/28/2016;2223;955.89
Cakes;8/29/2015;1541;600.99
Spices;1/30/2017;504;55.44
Breads & Buns;3/19/2018;1941;756.99
Meat;3/24/2015;1758;158.22
Biscuits;4/23/2018;698;300.14
Fresh Fruits;12/15/2015;777;209.79
Cookies;3/16/2016;943;235.75
Spices;06/11/2018;1195;298.75
Chicken;12/12/2015;2230;802.8
Organic Fruits;12/12/2015;1889;302.24
Cookies;3/29/2016;2424;896.88
Fish;08/03/2018;1710;307.8
Rice;4/22/2017;2337;210.33
Eggs;6/17/2018;1074;311.46
Organic Vegetables;7/17/2017;2115;803.7
Organic Fruits;7/27/2018;541;27.05
Salt;5/16/2017;723;253.05
Flour;11/11/2017;1261;226.98
Flour;06/09/2016;2359;518.98
Fish;11/30/2016;1385;110.8
Health Drinks;10/26/2015;1388;471.92
Cookies;12/10/2018;563;95.71
Flour;6/25/2018;1063;95.67
Rice;7/25/2016;2331;1025.64
Biscuits;3/30/2018;2159;734.06
Meat;01/10/2017;1299;389.7
Flour;7/17/2017;1395;571.95
Salt;06/03/2015;799;263.67
Fresh Vegetables;4/23/2018;2033;162.64
Edible Oil & Ghee;7/25/2015;500;220
Spices;11/10/2017;722;173.28
Edible Oil & Ghee;11/01/2018;2472;593.28
Biscuits;12/21/2016;1253;488.67
Eggs;12/18/2018;2474;692.72
Soft Drinks;7/17/2016;2307;115.35
Meat;09/03/2018;1686;236.04
Health Drinks;12/12/2015;867;286.11
Organic Fruits;6/30/2018;1001;220.22
Eggs;4/25/2018;1896;701.52
Health Drinks;11/24/2015;1400;378
Health Drinks;10/23/2016;555;94.35
Meat;12/03/2018;567;164.43
Biscuits;7/14/2016;1764;740.88
Cookies;9/26/2015;2368;568.32
Organic Fruits;1/21/2017;1991;796.4
Edible Oil & Ghee;11/05/2017;1439;316.58
Chocolates;7/25/2016;1579;663.18
Chocolates;4/13/2016;568;39.76
Rice;05/05/2017;924;101.64
Biscuits;10/23/2016;668;133.6
Health Drinks;7/22/2015;1188;154.44
Breads & Buns;09/02/2017;2181;283.53
Organic Fruits;12/03/2018;1946;252.98
Flour;7/22/2015;1707;238.98
Eggs;07/07/2017;1473;559.74
Health Drinks;10/22/2018;1313;144.43
Eggs;1/30/2017;1671;133.68
Eggs;09/09/2018;2468;518.28
Fish;12/08/2015;1514;121.12
Cookies;12/03/2018;1628;113.96
Biscuits;3/19/2018;1078;301.84
Noodles;12/12/2015;1811;796.84
Noodles;1/21/2017;1371;466.14
Soft Drinks;10/23/2016;1603;705.32
Breads & Buns;09/04/2018;2272;590.72
Organic Vegetables;12/12/2015;2500;1025
Fresh Fruits;12/06/2015;2404;312.52
Spices;12/22/2018;1426;171.12
Rice;11/18/2015;520;36.4
Organic Staples;3/19/2017;613;85.82
Noodles;7/14/2016;1972;847.96
Fresh Fruits;11/20/2016;1200;360
Noodles;12/03/2017;1007;130.91
Soft Drinks;03/03/2018;834;166.8
Spices;04/04/2015;1075;408.5
Organic Staples;08/10/2018;1445;317.9
Spices;12/03/2017;2285;822.6
Eggs;12/22/2018;1266;164.58
Health Drinks;03/08/2016;1881;695.97
Soft Drinks;11/30/2017;1786;392.92
Fresh Vegetables;10/09/2016;593;213.48
Organic Vegetables;11/10/2015;1658;149.22
Organic Vegetables;9/25/2018;2412;337.68
Biscuits;7/29/2018;1374;357.24
Chocolates;12/08/2017;1723;430.75
Cakes;9/24/2017;1724;241.36
Eggs;5/29/2018;1207;458.66
Flour;12/01/2017;2178;958.32
Breads & Buns;7/31/2017;918;91.8
Breads & Buns;1/20/2015;1840;570.4
Fresh Vegetables;1/20/2015;2294;940.54
Breads & Buns;05/08/2016;1370;438.4
Organic Vegetables;5/26/2017;1444;72.2
Salt;12/08/2018;2316;393.72
Health Drinks;04/03/2017;1301;390.3
Fresh Vegetables;3/28/2015;959;345.24
Health Drinks;8/26/2017;2005;681.7
Spices;11/17/2016;1244;62.2
Organic Staples;12/29/2017;790;173.8
Legumes;6/26/2018;1472;88.32
Breads & Buns;5/27/2018;2424;242.4
Spices;3/21/2018;2451;245.1
Organic Staples;12/29/2017;1193;477.2
Spices;03/08/2016;1113;311.64
Flour;12/08/2017;1698;679.2
Organic Vegetables;9/13/2016;1392;612.48
Legumes;03/08/2016;937;215.51
Organic Vegetables;11/09/2016;774;224.46
Chocolates;6/16/2015;1872;299.52
Soft Drinks;5/31/2016;1592;350.24
Soft Drinks;9/13/2017;1464;424.56
Noodles;1/19/2016;2000;460
Flour;07/02/2016;938;234.5
Edible Oil & Ghee;5/26/2015;2305;668.45
Soft Drinks;11/18/2018;1220;353.8
Cakes;5/22/2018;2319;602.94
Organic Staples;11/16/2015;1482;592.8
Cakes;09/07/2016;1257;540.51
Spices;6/16/2016;531;238.95
Spices;4/26/2016;2077;436.17
Breads & Buns;3/27/2018;603;126.63
Breads & Buns;3/23/2016;1213;351.77
Health Drinks;05/07/2016;905;298.65
Chicken;4/13/2016;1977;474.48
Spices;08/05/2015;2175;674.25
Biscuits;12/20/2016;1512;151.2
Soft Drinks;10/10/2018;1732;433
Cakes;4/25/2016;2269;431.11
Biscuits;4/20/2018;990;237.6
Edible Oil & Ghee;5/31/2017;2279;660.91
Rice;2/16/2018;952;76.16
Meat;11/19/2018;674;208.94
Spices;12/01/2018;767;337.48
Soft Drinks;3/27/2018;1393;69.65
Health Drinks;4/18/2015;2314;277.68
Cakes;03/01/2015;1023;368.28
Flour;3/29/2015;1726;586.84
Organic Vegetables;03/03/2017;2472;519.12
Breads & Buns;09/03/2017;2417;773.44
Salt;7/20/2016;1890;831.6
Fish;11/11/2015;1493;477.76
Eggs;7/22/2018;1850;481
Fresh Fruits;05/02/2017;1455;640.2
Chocolates;04/08/2017;1881;225.72
Noodles;11/07/2015;1141;136.92
Edible Oil & Ghee;01/01/2018;1512;574.56
Spices;1/19/2016;1619;226.66
Cakes;03/10/2018;2252;855.76
Flour;4/13/2016;2089;125.34
Health Drinks;7/21/2018;1632;163.2
Chicken;12/14/2018;1254;501.6
Organic Vegetables;7/20/2016;1422;355.5
Chocolates;3/21/2017;1698;509.4
Noodles;09/08/2015;1602;512.64
Chicken;11/25/2018;2178;261.36
Health Drinks;09/11/2018;2004;380.76
Organic Fruits;3/13/2017;2118;444.78
Salt;07/02/2016;711;291.51
Spices;03/01/2015;2262;520.26
Meat;11/05/2017;1132;203.76
Fresh Vegetables;11/17/2018;1865;279.75
Cookies;11/13/2016;1570;188.4
Soft Drinks;10/19/2018;2314;439.66
Breads & Buns;6/20/2015;1866;205.26
Breads & Buns;3/27/2018;1871;841.95
Edible Oil & Ghee;11/05/2017;1182;425.52
Spices;1/30/2018;1820;509.6
Soft Drinks;10/19/2018;1220;317.2
Noodles;03/06/2017;888;222
Noodles;5/30/2015;2031;264.03
Edible Oil & Ghee;1/30/2017;1577;78.85
Fresh Vegetables;09/08/2017;1709;170.9
Breads & Buns;12/06/2015;1471;250.07
Cookies;11/23/2018;2258;699.98
Spices;2/16/2018;2003;300.45
Breads & Buns;12/17/2016;1511;438.19
Edible Oil & Ghee;5/27/2017;2022;384.18
Rice;5/25/2015;592;100.64
Noodles;11/11/2015;1612;435.24
Spices;09/08/2017;1810;307.7
Breads & Buns;11/19/2017;883;114.79
Health Drinks;12/03/2018;1358;611.1
Rice;2/27/2017;1540;123.2
Soft Drinks;02/09/2018;1525;640.5
Breads & Buns;12/16/2015;1169;233.8
Soft Drinks;12/06/2015;2182;829.16
Chicken;12/29/2015;1822;637.7
Salt;5/27/2017;1375;275
Breads & Buns;5/31/2017;2039;734.04
Soft Drinks;01/07/2017;1140;478.8
Soft Drinks;11/12/2015;832;58.24
Health Drinks;10/03/2015;904;343.52
Noodles;11/04/2017;1054;432.14
Biscuits;01/07/2015;1280;358.4
Health Drinks;7/26/2015;2188;765.8
Cookies;05/12/2016;661;218.13
Biscuits;11/04/2017;1377;481.95
Fresh Vegetables;5/29/2018;1792;430.08
Cakes;11/28/2016;2482;446.76
Biscuits;8/26/2018;2478;594.72
Health Drinks;03/06/2017;669;140.49
Flour;4/20/2018;1697;135.76
Edible Oil & Ghee;09/03/2018;876;324.12
Breads & Buns;11/07/2017;1037;435.54
Organic Vegetables;12/31/2016;2051;512.75
Fresh Fruits;11/07/2016;581;87.15
Soft Drinks;01/01/2018;1583;601.54
Organic Fruits;10/13/2017;1011;323.52
Organic Vegetables;12/27/2015;1275;344.25
Chicken;03/01/2015;527;237.15
Organic Vegetables;12/04/2018;2343;820.05
Fresh Fruits;09/04/2017;1893;700.41
Fish;6/30/2018;1751;490.28
Rice;11/21/2018;636;248.04
Eggs;7/27/2018;2484;645.84
Organic Staples;12/01/2017;880;167.2
Cakes;2/16/2017;1634;408.5
Health Drinks;07/09/2016;1794;717.6
Rice;10/12/2018;2355;117.75
Cakes;12/17/2018;1558;186.96
Health Drinks;9/15/2015;713;128.34
Flour;09/02/2017;1621;437.67
Spices;5/18/2018;1925;827.75
Edible Oil & Ghee;06/04/2015;1566;657.72
Breads & Buns;06/04/2015;832;208
Organic Fruits;12/18/2018;824;123.6
Rice;11/13/2016;575;247.25
Meat;9/20/2015;2224;511.52
Edible Oil & Ghee;4/27/2016;1153;230.6
Edible Oil & Ghee;12/04/2018;1139;136.68
Biscuits;12/04/2018;1168;58.4
Soft Drinks;11/14/2016;2491;548.02
Legumes;5/26/2017;1257;565.65
Rice;9/20/2015;1314;118.26
Fresh Vegetables;9/17/2017;1213;145.56
Noodles;9/17/2017;2369;615.94
Fresh Fruits;11/28/2016;2068;434.28
Flour;12/04/2016;1020;163.2
Noodles;9/18/2017;1474;397.98
Fresh Fruits;09/01/2017;1599;399.75
Salt;05/08/2016;1159;278.16
Salt;9/22/2015;1975;829.5
Fresh Fruits;02/06/2016;1333;213.28
Organic Fruits;05/07/2015;512;92.16
Soft Drinks;11/14/2017;1125;202.5
Noodles;8/26/2015;822;246.6
Soft Drinks;12/06/2016;1354;514.52
Fish;5/19/2017;1445;621.35
Soft Drinks;11/17/2018;2024;809.6
Biscuits;12/14/2017;1823;674.51
Cakes;10/12/2018;1118;290.68
Soft Drinks;11/01/2016;2153;839.67
Chocolates;11/01/2015;1121;257.83
Eggs;11/02/2015;1905;819.15
Breads & Buns;05/07/2017;1592;525.36
Cakes;3/29/2017;2175;891.75
Organic Staples;5/19/2017;1586;269.62
Fish;03/08/2017;2139;513.36
Edible Oil & Ghee;02/06/2016;519;41.52
Organic Staples;12/24/2017;530;190.8
Cakes;9/20/2018;2134;128.04
Biscuits;12/04/2016;1907;247.91
Breads & Buns;9/18/2017;1269;558.36
Breads & Buns;10/08/2018;1785;642.6
Salt;11/01/2016;2317;1042.65
Spices;3/24/2018;1510;151
Chocolates;05/08/2016;1729;708.89
Legumes;9/17/2016;1069;203.11
Health Drinks;12/24/2018;987;227.01
Cookies;11/02/2016;1318;579.92
Biscuits;2/16/2017;2007;501.75
Noodles;9/20/2018;1075;408.5
Cakes;05/07/2017;1399;587.58
Chicken;9/22/2015;2232;870.48
Edible Oil & Ghee;06/12/2018;2259;135.54
Health Drinks;12/04/2016;1485;163.35
Organic Fruits;9/20/2018;711;255.96
Cookies;3/31/2017;1217;389.44
Fresh Vegetables;04/01/2017;755;256.7
Biscuits;3/25/2015;1864;428.72
Salt;8/21/2017;1255;539.65
Cookies;12/25/2017;1236;432.6
Edible Oil & Ghee;12/18/2018;1975;177.75
Soft Drinks;9/20/2018;2224;978.56
Edible Oil & Ghee;10/27/2017;2227;133.62
Cookies;03/10/2017;758;257.72
Fresh Fruits;02/06/2018;2059;905.96
Cookies;6/29/2016;995;447.75
Salt;6/21/2015;2101;735.35
Fresh Fruits;6/21/2017;1382;234.94
Salt;12/25/2016;1095;109.5
Organic Staples;06/04/2015;760;114
Organic Vegetables;11/24/2018;959;402.78
Organic Fruits;09/09/2018;811;194.64
Soft Drinks;06/06/2017;1368;615.6
Breads & Buns;11/20/2016;1177;506.11
Biscuits;11/20/2018;632;151.68
Cookies;7/22/2017;722;238.26
Fish;07/07/2015;865;190.3
Biscuits;06/12/2016;2018;423.78
Legumes;10/30/2018;669;100.35
Cookies;7/14/2015;2038;366.84
Cakes;11/05/2015;1998;219.78
Edible Oil & Ghee;4/14/2018;2365;733.15
Organic Staples;10/09/2018;980;245
Fish;11/21/2017;1705;136.4
Organic Fruits;06/06/2017;1350;283.5
Health Drinks;12/20/2015;1312;524.8
Biscuits;11/18/2015;1602;656.82
Organic Staples;04/10/2018;1471;176.52
Fresh Vegetables;9/30/2017;826;90.86
Fresh Vegetables;9/17/2016;2349;845.64
Organic Vegetables;11/28/2016;1489;223.35
Flour;3/14/2017;1919;537.32
Health Drinks;7/14/2018;1954;820.68
Biscuits;11/20/2018;1367;123.03
Soft Drinks;9/17/2016;1102;407.74
Organic Vegetables;11/24/2015;630;226.8
Edible Oil & Ghee;09/05/2017;573;183.36
Health Drinks;11/17/2015;2185;218.5
Breads & Buns;11/30/2016;589;229.71
Salt;12/11/2018;1585;95.1
Fresh Fruits;05/08/2018;1330;518.7
Organic Staples;9/24/2017;1624;519.68
Health Drinks;09/05/2017;2140;791.8
Breads & Buns;11/12/2017;1490;253.3
Meat;07/07/2015;1801;342.19
Cookies;09/05/2017;2019;706.65
Organic Fruits;12/01/2018;2344;421.92
Breads & Buns;11/06/2018;1903;437.69
Fresh Vegetables;10/04/2017;2308;207.72
Chicken;05/07/2015;989;197.8
Legumes;5/22/2017;859;377.96
Organic Fruits;03/11/2017;635;69.85
Noodles;11/21/2017;1866;653.1
Cookies;6/22/2015;2027;385.13
Breads & Buns;09/05/2017;2246;539.04
Organic Fruits;7/15/2018;1579;189.48
Flour;05/12/2015;1270;317.5
Salt;7/18/2018;1267;177.38
Health Drinks;12/08/2018;1458;626.94
Chicken;6/22/2015;750;75
Organic Vegetables;10/31/2017;843;252.9
Soft Drinks;11/17/2015;1213;145.56
Spices;05/03/2016;2019;383.61
Legumes;11/12/2017;573;148.98
Salt;11/12/2017;791;348.04
Edible Oil & Ghee;10/01/2017;2108;210.8
Salt;12/14/2015;769;322.98
Fish;12/26/2016;2064;495.36
Edible Oil & Ghee;04/08/2015;2451;1004.91
Cookies;12/25/2018;2241;268.92
Fish;01/10/2016;1072;343.04
Cookies;11/07/2018;679;258.02
Spices;8/16/2015;2278;318.92
Chicken;03/01/2017;1170;105.3
Breads & Buns;11/21/2016;856;111.28
Edible Oil & Ghee;8/25/2018;519;98.61
Noodles;8/16/2016;815;203.75
Health Drinks;3/29/2017;1831;457.75
Cookies;9/18/2017;2207;132.42
Breads & Buns;7/14/2017;1050;136.5
Fish;07/03/2018;973;379.47
Fresh Vegetables;6/27/2015;1624;422.24
Cookies;7/26/2015;1660;730.4
Chocolates;4/21/2016;993;287.97
Eggs;06/11/2016;2309;831.24
Fresh Fruits;9/15/2016;1959;313.44
Noodles;11/01/2016;2276;955.92
Fresh Fruits;7/21/2018;1438;359.5
Soft Drinks;1/20/2015;603;168.84
Health Drinks;8/26/2017;995;338.3
Breads & Buns;9/13/2016;1054;179.18
Organic Staples;7/26/2015;1532;505.56
Eggs;09/04/2017;1896;853.2
Salt;4/21/2016;758;189.5
Spices;6/18/2016;1321;475.56
Fresh Vegetables;09/05/2017;1559;155.9
Fresh Fruits;02/03/2017;2450;784
Salt;12/24/2018;988;424.84
Noodles;9/21/2016;1998;539.46
Spices;1/20/2015;1813;416.99
Cookies;1/26/2018;1046;397.48
Salt;2/16/2017;940;394.8
Rice;04/12/2017;604;36.24
Meat;7/19/2017;536;176.88
Salt;12/17/2018;1572;298.68
Eggs;12/25/2017;2311;993.73
Cookies;9/14/2015;895;187.95
Cookies;7/21/2018;932;65.24
Soft Drinks;10/26/2018;685;68.5
Health Drinks;9/24/2016;826;371.7
Health Drinks;06/01/2015;815;171.15
Edible Oil & Ghee;11/19/2018;1659;613.83
Organic Staples;7/19/2017;2070;455.4
Health Drinks;12/14/2017;2386;143.16
Salt;12/07/2018;2384;715.2
Soft Drinks;02/11/2015;2010;402
Chocolates;9/15/2016;673;174.98
Meat;7/25/2017;2003;220.33
Noodles;8/19/2015;1087;141.31
Cookies;5/19/2018;1895;549.55
Salt;10/14/2017;2132;255.84
Noodles;10/15/2015;2116;592.48
Eggs;8/13/2018;2380;190.4
Fresh Fruits;06/03/2018;1646;510.26
Noodles;6/15/2018;1917;230.04
Legumes;09/04/2018;2122;742.7
Breads & Buns;2/25/2018;1688;286.96
Fresh Fruits;11/29/2018;2123;891.66
Fish;11/20/2018;1860;818.4
Organic Staples;8/13/2018;755;226.5
Fresh Fruits;06/12/2018;1184;106.56
Breads & Buns;04/11/2016;2398;599.5
Rice;7/17/2018;962;355.94
Rice;11/20/2016;1052;473.4
Legumes;7/16/2018;1907;419.54
Chicken;6/15/2018;1095;153.3
Chocolates;12/20/2015;1997;319.52
Cookies;3/21/2015;885;141.6
Breads & Buns;03/08/2017;2395;1053.8
Legumes;04/11/2016;993;377.34
Biscuits;12/03/2016;1275;484.5
Salt;11/03/2015;1797;521.13
Health Drinks;08/11/2016;732;314.76
Rice;09/09/2018;2069;806.91
Chocolates;3/21/2015;2230;825.1
Flour;5/29/2017;2120;318
Eggs;1/22/2017;1862;521.36
Cakes;12/14/2015;1352;554.32
Breads & Buns;1/30/2018;892;205.16
Soft Drinks;9/28/2015;1908;419.76
Biscuits;11/15/2018;1834;476.84
Cakes;11/15/2018;1636;130.88
Rice;5/20/2016;708;318.6
Health Drinks;12/23/2018;1014;182.52
Health Drinks;11/25/2018;2000;880
Health Drinks;2/25/2018;1061;360.74
Fresh Fruits;05/01/2018;1827;694.26
Cakes;7/21/2017;1314;210.24
Chocolates;11/29/2018;992;158.72
Fresh Fruits;05/05/2017;824;107.12
Fresh Vegetables;1/14/2017;863;207.12
Noodles;1/22/2017;2398;263.78
Salt;05/02/2017;1859;446.16
Cakes;09/02/2017;955;296.05
Biscuits;11/03/2015;2101;819.39
Flour;12/22/2018;2359;518.98
Meat;11/30/2018;991;297.3
Flour;4/26/2016;1713;753.72
Breads & Buns;05/01/2018;1341;482.76
Meat;11/27/2017;2477;495.4
Edible Oil & Ghee;12/12/2015;2494;847.96
Legumes;11/06/2018;1857;631.38
Soft Drinks;11/19/2018;1364;409.2
Health Drinks;08/07/2018;1201;312.26
Breads & Buns;5/26/2016;1027;236.21
Cakes;09/08/2017;1147;344.1
Fresh Fruits;2/13/2018;1757;140.56
Chocolates;08/11/2015;1143;137.16
Biscuits;11/21/2018;2429;1093.05
Health Drinks;11/21/2016;2190;700.8
Edible Oil & Ghee;7/29/2018;2168;238.48
Breads & Buns;12/01/2018;2073;642.63
Health Drinks;2/26/2018;1554;295.26
Biscuits;12/15/2017;1641;180.51
Organic Vegetables;6/19/2016;1273;165.49
Spices;9/29/2015;879;307.65
Noodles;10/21/2017;913;155.21
Meat;02/02/2018;976;409.92
Fresh Vegetables;8/28/2016;1105;198.9
Meat;1/20/2015;1100;242
Organic Staples;12/22/2017;2442;708.18
Soft Drinks;12/26/2015;1921;499.46
Health Drinks;11/04/2015;2296;1010.24
Organic Vegetables;11/10/2015;1363;558.83
Fresh Fruits;10/02/2018;1549;309.8
Fish;11/11/2017;880;237.6
Eggs;12/01/2017;1485;623.7
Flour;12/29/2018;865;311.4
Health Drinks;07/08/2018;645;103.2
Biscuits;9/17/2015;1887;358.53
Flour;5/15/2018;611;146.64
Legumes;07/03/2018;588;235.2
Chicken;12/14/2016;1280;140.8
Rice;8/15/2017;1932;193.2
Noodles;04/02/2018;1192;393.36
Edible Oil & Ghee;9/28/2018;1119;436.41
Eggs;11/27/2018;521;119.83
Organic Staples;11/16/2018;1072;257.28
Cakes;11/16/2018;1565;156.5
Rice;09/11/2015;1245;112.05
Rice;11/16/2018;2012;784.68
Biscuits;11/17/2016;1888;509.76
Fresh Vegetables;6/26/2017;689;303.16
Fresh Fruits;11/20/2016;877;219.25
Fish;5/23/2017;1607;691.01
Cakes;08/12/2015;2289;389.13
Flour;12/01/2015;1900;152
Salt;12/12/2016;2307;184.56
Spices;7/14/2018;2021;323.36
Salt;7/14/2018;1264;429.76
Soft Drinks;11/03/2018;2475;198
Fish;11/08/2016;2358;801.72
Fish;6/17/2015;2157;237.27
Edible Oil & Ghee;10/18/2016;2171;846.69
Health Drinks;05/06/2017;1022;275.94
Cookies;09/07/2018;877;219.25
Salt;1/13/2016;1016;111.76
Noodles;8/30/2017;1241;248.2
Organic Vegetables;4/20/2015;801;280.35
Eggs;12/18/2017;1115;133.8
Biscuits;11/17/2016;1261;416.13
Chicken;6/19/2018;527;147.56
Fresh Fruits;7/14/2017;872;69.76
Cakes;04/08/2017;1244;510.04
Flour;11/10/2015;1896;701.52
Edible Oil & Ghee;6/25/2016;640;262.4
Biscuits;10/08/2016;783;180.09
Chocolates;9/15/2018;1815;326.7
Soft Drinks;07/07/2017;688;151.36
Fresh Vegetables;9/14/2016;2410;482
Meat;12/25/2017;1590;381.6
Spices;12/04/2016;2207;684.17
Cakes;11/26/2017;2484;819.72
Health Drinks;12/12/2017;790;244.9
Noodles;11/02/2016;2207;220.7
Fish;5/31/2016;572;102.96
Rice;1/23/2017;2054;492.96
Biscuits;10/20/2016;1567;172.37
Salt;1/30/2016;2500;400
Health Drinks;8/15/2016;1801;144.08
Noodles;03/06/2016;1288;257.6
Soft Drinks;12/24/2017;1473;574.47
Fish;4/27/2018;1023;368.28
Organic Staples;12/22/2017;761;251.13
Eggs;11/09/2018;1838;367.6
Health Drinks;12/13/2018;1816;399.52
Edible Oil & Ghee;1/13/2016;2491;846.94
Flour;09/02/2017;1095;219
Health Drinks;7/26/2015;2349;469.8
Chocolates;07/03/2018;2396;958.4
Soft Drinks;01/01/2018;2341;632.07
Soft Drinks;4/16/2018;1875;825
Organic Fruits;10/03/2016;2452;931.76
Spices;8/28/2016;2152;559.52
Biscuits;12/03/2017;1863;111.78
Cakes;10/07/2018;1878;225.36
Edible Oil & Ghee;3/30/2015;2055;267.15
Soft Drinks;4/17/2017;885;238.95
Organic Vegetables;09/05/2016;2341;1053.45
Noodles;11/02/2016;602;150.5
Legumes;1/13/2015;610;134.2
Health Drinks;12/03/2016;2112;760.32
Breads & Buns;11/25/2018;1262;340.74
Breads & Buns;11/13/2016;2492;747.6
Flour;09/05/2016;2012;321.92
Salt;04/09/2017;2193;394.74
Rice;11/26/2017;2063;928.35
Breads & Buns;6/18/2018;737;66.33
Meat;11/11/2015;2213;840.94
Cakes;10/30/2018;905;208.15
Fish;05/10/2015;2038;896.72
Fresh Vegetables;08/07/2018;971;368.98
Spices;5/15/2018;2346;844.56
Edible Oil & Ghee;12/22/2017;1910;592.1
Chocolates;2/18/2016;1078;474.32
Fresh Vegetables;7/18/2018;2056;555.12
Health Drinks;5/26/2015;2405;192.4
Organic Fruits;9/23/2018;1620;210.6
Cookies;09/07/2018;1410;169.2
Soft Drinks;7/21/2018;1794;681.72
Fresh Fruits;11/17/2016;1362;272.4
Chocolates;5/15/2018;1374;164.88
Flour;12/20/2016;1643;624.34
Edible Oil & Ghee;12/24/2016;940;310.2
Rice;02/04/2017;1316;592.2
Fresh Vegetables;6/24/2015;2032;731.52
Cookies;09/02/2018;921;349.98
Health Drinks;7/18/2018;1755;614.25
Flour;03/03/2018;687;178.62
Fresh Fruits;07/06/2018;2264;679.2
Salt;4/17/2018;1393;139.3
Edible Oil & Ghee;11/25/2017;1464;658.8
Chicken;10/21/2017;1074;75.18
Spices;9/15/2018;620;130.2
Spices;11/20/2016;786;165.06
Soft Drinks;07/06/2016;2452;196.16
Soft Drinks;12/21/2015;696;34.8
Soft Drinks;06/09/2017;697;209.1
Health Drinks;11/11/2017;801;72.09
Health Drinks;12/27/2015;1099;54.95
Organic Fruits;9/15/2018;2123;106.15
Legumes;07/08/2017;1331;572.33
Cakes;7/26/2015;1118;167.7
Spices;11/14/2016;2055;883.65
Edible Oil & Ghee;06/08/2015;1008;262.08
Edible Oil & Ghee;12/25/2017;2374;546.02
Organic Vegetables;8/23/2015;1372;96.04
Legumes;8/21/2018;811;308.18
Flour;8/14/2018;1142;376.86
Meat;09/02/2017;2284;799.4
Biscuits;5/23/2018;1650;181.5
Organic Vegetables;11/12/2015;2232;424.08
Noodles;10/20/2016;1999;219.89
Soft Drinks;06/11/2017;590;88.5
Chicken;12/03/2017;1515;424.2
Organic Staples;4/13/2016;912;72.96
Organic Fruits;1/27/2015;1394;97.58
Soft Drinks;03/03/2015;2413;530.86
Salt;10/25/2016;720;244.8
Soft Drinks;9/25/2017;1016;71.12
Biscuits;11/25/2015;1819;218.28
Spices;12/29/2018;2284;433.96
Spices;8/15/2015;1219;377.89
Eggs;11/14/2016;2014;302.1
Flour;11/21/2017;2387;119.35
Eggs;10/05/2016;1213;97.04
Fresh Vegetables;07/12/2015;571;148.46
Chocolates;6/15/2016;1572;550.2
Eggs;08/08/2015;1835;605.55
Cakes;12/22/2017;1531;153.1
Salt;11/03/2018;2404;312.52
Rice;11/04/2015;1751;525.3
Meat;02/05/2017;927;83.43
Meat;10/18/2017;1171;421.56
Edible Oil & Ghee;12/16/2017;1352;554.32
Health Drinks;02/09/2016;530;201.4
Soft Drinks;11/20/2018;722;267.14
Breads & Buns;9/27/2015;534;112.14
Noodles;09/10/2015;1016;111.76
Salt;09/08/2015;583;215.71
Cakes;12/11/2016;1682;386.86
Rice;12/19/2018;1665;599.4
Health Drinks;12/21/2015;782;250.24
Salt;5/26/2017;2344;726.64
Salt;11/13/2018;2176;108.8
Flour;8/23/2017;1880;357.2
Chocolates;6/15/2016;1743;331.17
Noodles;12/06/2016;1030;247.2
Cookies;12/17/2017;1875;300
Organic Vegetables;04/12/2017;2233;513.59
Salt;8/27/2018;1206;108.54
Fresh Vegetables;12/11/2016;1517;530.95
Fish;9/25/2017;2266;906.4
Fresh Fruits;08/02/2016;981;245.25
Salt;7/18/2018;1796;287.36
Edible Oil & Ghee;12/11/2016;1867;112.02
Health Drinks;10/05/2016;1773;531.9
Cakes;9/23/2018;596;35.76
Cakes;12/11/2016;835;91.85
Breads & Buns;10/02/2018;2399;1079.55
Health Drinks;12/24/2016;2314;509.08
Breads & Buns;12/19/2018;1158;382.14
Fish;02/08/2016;948;398.16
Noodles;12/20/2015;852;340.8
Organic Staples;02/08/2016;969;145.35
Edible Oil & Ghee;12/11/2016;781;218.68
Soft Drinks;10/03/2018;1676;234.64
Fresh Vegetables;3/30/2018;1054;179.18
Cakes;02/08/2016;626;175.28
Soft Drinks;8/22/2015;1119;402.84
Soft Drinks;11/02/2018;2301;391.17
Spices;11/23/2018;2427;412.59
Fresh Fruits;12/20/2015;2053;492.72
Noodles;6/22/2015;1728;501.12
Cakes;6/22/2015;1204;72.24
Legumes;12/01/2015;1934;348.12
Meat;08/07/2016;1730;778.5
Salt;12/27/2016;2011;744.07
Health Drinks;11/02/2018;1340;214.4
Biscuits;8/27/2018;2062;371.16
Chocolates;3/14/2017;762;297.18
Biscuits;09/06/2017;978;195.6
Organic Staples;9/18/2018;2068;889.24
Cookies;12/05/2016;566;169.8
Salt;05/04/2015;1347;444.51
Soft Drinks;6/25/2016;1972;769.08
Fresh Vegetables;6/18/2017;1074;289.98
Edible Oil & Ghee;07/11/2015;1818;781.74
Organic Vegetables;5/14/2018;2230;869.7
Spices;12/03/2018;900;99
Legumes;9/18/2018;2174;934.82
Edible Oil & Ghee;08/07/2018;690;41.4
Soft Drinks;12/24/2018;2096;670.72
Chicken;1/26/2018;1693;372.46
Fresh Vegetables;04/03/2018;1610;627.9
Salt;5/17/2017;2436;730.8
Cakes;9/24/2018;561;241.23
Health Drinks;10/13/2018;1473;456.63
Fresh Fruits;5/14/2018;697;195.16
Biscuits;6/25/2016;1385;290.85
Legumes;06/03/2015;794;277.9
Fish;6/30/2015;1009;100.9
Chicken;06/03/2015;2368;663.04
Noodles;11/17/2017;950;247
Edible Oil & Ghee;5/14/2018;1787;214.44
Cookies;11/19/2018;1000;440
Biscuits;1/20/2018;938;93.8
Chicken;11/18/2015;1094;229.74
Organic Staples;05/04/2015;1399;139.9
Cookies;12/29/2017;1445;346.8
Chocolates;09/01/2015;1716;514.8
Soft Drinks;3/14/2017;1382;497.52
Breads & Buns;6/15/2017;1554;497.28
Soft Drinks;10/23/2016;2302;667.58
Health Drinks;5/17/2017;624;106.08
Fresh Vegetables;8/18/2017;1610;563.5
Flour;12/02/2015;1331;266.2
Noodles;5/17/2017;1252;212.84
Soft Drinks;1/15/2018;766;137.88
Biscuits;8/18/2017;1163;441.94
Spices;12/27/2015;885;115.05
Rice;11/22/2015;632;233.84
Noodles;12/11/2018;1778;551.18
Chicken;6/29/2018;1547;340.34
Biscuits;9/27/2016;991;356.76
Organic Fruits;9/30/2017;1995;558.6
Health Drinks;6/25/2016;615;258.3
Spices;10/10/2017;2114;803.32
Soft Drinks;11/18/2015;989;375.82
Meat;09/01/2015;663;92.82
Rice;10/13/2018;1290;464.4
Breads & Buns;11/29/2016;1116;122.76
Fresh Fruits;1/15/2018;1937;464.88
Organic Fruits;8/28/2017;969;184.11
Cakes;08/04/2017;2056;431.76
Fresh Fruits;5/27/2015;2351;987.42
Soft Drinks;11/19/2018;2183;480.26
Edible Oil & Ghee;11/26/2018;537;161.1
Soft Drinks;8/15/2015;1534;475.54
Cookies;8/28/2017;2434;803.22
Biscuits;9/20/2015;2252;788.2
Biscuits;09/02/2015;2122;212.2
Spices;10/17/2017;1739;86.95
Cakes;2/14/2017;1829;475.54
Salt;11/24/2017;1491;387.66
Chocolates;03/09/2017;2383;119.15
Biscuits;3/13/2018;968;174.24
Legumes;5/30/2016;1762;299.54
Spices;06/06/2015;1623;194.76
Organic Fruits;3/13/2018;1536;307.2
Eggs;4/14/2017;829;339.89
Chocolates;4/30/2018;828;281.52
Legumes;5/17/2017;1308;366.24
Breads & Buns;10/12/2018;1441;605.22
Edible Oil & Ghee;10/20/2016;2305;161.35
Organic Vegetables;11/24/2017;1803;432.72
Soft Drinks;11/07/2017;556;111.2
Fresh Fruits;09/07/2018;2335;677.15
Soft Drinks;12/04/2017;1324;66.2
Eggs;08/09/2016;1400;462
Breads & Buns;04/07/2016;1768;654.16
Meat;9/19/2017;949;94.9
Fish;12/02/2018;1548;216.72
Cakes;2/27/2017;1753;105.18
Cakes;6/21/2015;1614;161.4
Cookies;4/25/2016;1191;131.01
Edible Oil & Ghee;9/23/2015;1339;321.36
Noodles;2/14/2017;540;97.2
Organic Vegetables;11/17/2018;2370;545.1
Soft Drinks;11/27/2017;2074;850.34
Chicken;09/02/2015;1612;225.68
Chocolates;11/20/2018;1349;229.33
Health Drinks;8/15/2015;2023;667.59
Chocolates;9/23/2015;746;223.8
Cakes;08/09/2016;1637;441.99
Salt;12/29/2018;1479;428.91
Health Drinks;12/05/2018;2231;423.89
Spices;03/09/2017;2110;611.9
Organic Staples;09/02/2015;1840;588.8
Breads & Buns;08/09/2016;2139;106.95
Fish;6/21/2015;1065;372.75
Edible Oil & Ghee;11/14/2017;1070;181.9
Rice;12/04/2017;1878;131.46
Chocolates;11/07/2017;2021;505.25
Fish;09/10/2015;1263;429.42
Soft Drinks;03/09/2017;1176;246.96
Chicken;11/07/2017;1948;155.84
Legumes;05/06/2018;1816;127.12
Health Drinks;3/13/2018;752;338.4
Eggs;02/10/2018;2167;736.78
Cookies;11/27/2017;1544;617.6
Legumes;12/04/2017;1945;486.25
Salt;04/07/2016;951;171.18
Health Drinks;10/13/2018;2489;224.01
Organic Vegetables;6/21/2015;1951;234.12
Cookies;09/02/2015;947;151.52
Meat;11/27/2017;2389;692.81
Edible Oil & Ghee;09/12/2018;1295;220.15
Legumes;09/12/2018;1804;126.28
Fresh Fruits;11/27/2017;2045;920.25
Spices;09/07/2018;1146;401.1
Organic Staples;4/23/2018;1074;375.9
Cookies;9/20/2016;959;95.9
Health Drinks;9/20/2015;2062;618.6
Organic Fruits;09/12/2018;1431;515.16
Fresh Fruits;12/02/2018;1097;285.22
Spices;11/20/2018;1052;473.4
Noodles;10/14/2015;2309;946.69
Soft Drinks;5/17/2017;1839;680.43
Flour;1/15/2018;2440;414.8
Spices;9/18/2017;1360;176.8
Organic Vegetables;12/04/2017;1313;223.21
Rice;12/19/2016;2443;171.01
Health Drinks;1/29/2018;1810;796.4
Fish;8/19/2017;1081;367.54
Salt;12/07/2016;1066;319.8
Flour;08/09/2016;1936;135.52
Health Drinks;11/07/2017;656;209.92
Organic Vegetables;05/03/2017;2052;266.76
Breads & Buns;02/07/2017;1589;301.91
Breads & Buns;4/23/2017;1482;414.96
Breads & Buns;10/15/2015;1126;304.02
Spices;12/10/2018;550;132
Fresh Vegetables;11/21/2018;953;324.02
Chocolates;5/16/2018;541;173.12
Health Drinks;8/25/2018;1814;816.3
Salt;7/28/2017;2428;194.24
Cookies;12/19/2016;1426;399.28
Health Drinks;6/16/2016;1559;77.95
Soft Drinks;12/19/2016;1710;769.5
Health Drinks;11/20/2017;1624;535.92
Meat;07/07/2018;1459;554.42
Legumes;12/01/2018;1000;100
Spices;07/07/2018;704;295.68
Organic Staples;8/13/2016;1568;439.04
Breads & Buns;10/21/2015;1452;450.12
Legumes;12/19/2016;1995;578.55
Soft Drinks;2/27/2015;1960;705.6
Fresh Vegetables;12/08/2018;1026;266.76
Fish;11/24/2017;724;86.88
Noodles;12/31/2017;2410;939.9
Noodles;11/21/2018;1897;170.73
Health Drinks;11/05/2016;2120;551.2
Cakes;07/11/2016;2241;694.71
Breads & Buns;8/19/2017;993;148.95
Fish;12/07/2016;2253;901.2
Soft Drinks;08/03/2018;523;62.76
Noodles;4/23/2017;2156;883.96
Soft Drinks;05/03/2017;1929;231.48
Chicken;9/22/2016;1923;288.45
Meat;8/19/2017;527;68.51
Soft Drinks;09/09/2018;2350;470
Organic Vegetables;04/05/2016;1213;266.86
Fish;06/01/2018;1924;538.72
Fresh Fruits;4/23/2017;1055;94.95
Health Drinks;11/10/2017;693;55.44
Biscuits;1/15/2018;1821;801.24
Breads & Buns;06/10/2017;809;218.43
Flour;12/22/2018;859;42.95
Health Drinks;12/10/2018;2371;308.23
Noodles;11/20/2017;2273;613.71
Rice;06/01/2018;2240;291.2
Spices;09/09/2018;1170;70.2
Biscuits;9/14/2018;2041;836.81
Fresh Fruits;9/16/2018;1651;198.12
Chocolates;9/16/2018;835;208.75
Cakes;11/20/2017;1517;121.36
Edible Oil & Ghee;11/05/2016;1087;413.06
Chicken;09/09/2018;1768;300.56
Legumes;07/11/2016;1088;282.88
Organic Fruits;9/21/2015;2225;689.75
Organic Vegetables;07/11/2016;919;119.47
Fresh Fruits;9/14/2018;1048;94.32
Chocolates;7/28/2017;871;339.69
Flour;5/30/2018;1045;323.95
Soft Drinks;4/16/2016;2310;970.2
Chocolates;12/11/2016;2000;400
Health Drinks;06/06/2017;636;203.52
Biscuits;12/19/2018;1090;457.8
Fresh Fruits;10/30/2016;1073;203.87
Fresh Fruits;12/02/2018;2019;524.94
Chicken;06/06/2017;2359;424.62
Chicken;06/06/2017;1678;587.3
Legumes;08/12/2015;2291;458.2
Flour;10/13/2018;1468;499.12
Eggs;06/06/2017;2112;485.76
Salt;05/05/2017;2251;540.24
Organic Vegetables;9/24/2018;1589;301.91
Health Drinks;11/02/2016;1366;478.1
Cakes;12/23/2016;1945;719.65
Chocolates;9/22/2018;1852;370.4
Soft Drinks;02/12/2017;2222;177.76
Health Drinks;8/13/2017;800;48
Health Drinks;3/23/2016;1170;70.2
Chocolates;10/13/2018;2197;549.25
Salt;3/23/2016;2190;569.4
Cookies;4/30/2015;2032;629.92
Meat;7/24/2017;1599;399.75
Fish;4/30/2015;870;365.4
Soft Drinks;5/19/2015;610;115.9
Cakes;05/06/2018;1622;81.1
Biscuits;02/12/2017;703;246.05
Eggs;9/24/2018;574;212.38
Biscuits;8/13/2017;2267;612.09
Soft Drinks;10/13/2018;821;221.67
Breads & Buns;1/14/2018;2473;1038.66
Soft Drinks;05/01/2017;2478;941.64
Salt;6/20/2018;637;121.03
Rice;12/30/2015;813;317.07
Flour;6/23/2015;502;145.58
Noodles;11/19/2017;2119;847.6
Legumes;05/01/2018;1149;103.41
Cookies;11/30/2016;1400;336
Breads & Buns;12/16/2017;1486;208.04
Noodles;11/20/2018;1847;591.04
Fish;6/22/2018;1197;83.79
Flour;3/23/2015;2180;806.6
Fresh Fruits;04/09/2018;1710;307.8
Salt;04/09/2018;2138;897.96
Meat;9/23/2018;1203;529.32
Noodles;8/14/2017;2000;800
Chicken;08/09/2017;1652;627.76
Spices;10/09/2018;1676;603.36
Legumes;8/15/2015;558;195.3
Breads & Buns;8/15/2015;1102;319.58
Organic Fruits;3/26/2017;1651;561.34
Health Drinks;11/20/2018;2305;530.15
Chocolates;12/18/2018;2132;618.28
Spices;6/23/2015;1000;130
Noodles;08/09/2017;854;324.52
Breads & Buns;04/09/2018;1052;105.2
Cookies;05/01/2017;814;113.96
Organic Vegetables;7/29/2017;2285;776.9
Fresh Fruits;6/14/2017;2154;150.78
Organic Staples;11/30/2016;1721;258.15
Noodles;12/24/2015;2092;648.52
Cakes;09/07/2018;611;30.55
Cakes;7/20/2015;2304;852.48
Cookies;12/16/2016;904;361.6
Chocolates;11/10/2017;1557;498.24
Flour;11/16/2018;2391;239.1
Fish;9/29/2018;1450;594.5
Cakes;6/20/2017;1996;778.44
Organic Staples;10/01/2018;1069;224.49
Fresh Vegetables;4/27/2018;1586;190.32
Noodles;6/29/2018;605;84.7
Meat;07/04/2017;1937;116.22
Health Drinks;07/03/2017;1465;336.95
Cookies;09/05/2017;1375;426.25
Legumes;12/12/2016;1450;435
Meat;11/18/2018;901;342.38
Organic Staples;12/18/2018;1255;263.55
Organic Fruits;07/03/2017;609;164.43
Organic Fruits;09/05/2017;2306;899.34
Cakes;6/16/2018;1812;471.12
Flour;01/03/2017;1241;260.61
Cakes;10/04/2016;575;40.25
Soft Drinks;7/31/2018;2197;637.13
Edible Oil & Ghee;3/23/2018;1749;349.8
Organic Staples;11/15/2015;1010;313.1
Soft Drinks;08/12/2018;1976;276.64
Meat;06/11/2018;2147;751.45
Cakes;8/21/2018;1322;475.92
Cookies;11/28/2015;1589;492.59
Noodles;12/18/2018;1875;431.25
Organic Vegetables;4/27/2018;2470;889.2
Salt;12/07/2015;2068;372.24
Cakes;11/14/2017;1624;487.2
Flour;05/03/2016;1702;221.26
Salt;03/07/2015;2014;463.22
Rice;11/23/2015;1343;564.06
Organic Fruits;4/13/2017;843;143.31
Organic Staples;05/08/2017;685;226.05
Eggs;04/12/2017;1507;587.73
Chicken;2/22/2015;1618;258.88
Breads & Buns;7/20/2015;1393;139.3
Salt;3/23/2018;2285;662.65
Breads & Buns;12/08/2018;1657;347.97
Legumes;6/29/2018;1363;231.71
Breads & Buns;6/20/2017;1029;133.77
Rice;4/18/2016;1849;184.9
Breads & Buns;03/07/2015;578;225.42
Health Drinks;11/18/2018;1663;399.12
Chocolates;3/25/2018;1406;168.72
Edible Oil & Ghee;11/03/2017;713;71.3
Rice;11/28/2016;2138;641.4
Biscuits;06/05/2017;1438;86.28
Fish;4/27/2018;1293;297.39
Cakes;8/21/2018;929;167.22
Health Drinks;11/24/2018;2335;887.3
Flour;6/17/2017;1675;418.75
Salt;7/20/2015;1414;339.36
Eggs;10/11/2015;2052;287.28
Edible Oil & Ghee;9/18/2016;1579;615.81
Salt;07/04/2017;1936;348.48
Noodles;06/10/2018;894;169.86
Organic Staples;9/29/2018;2442;1025.64
Rice;3/19/2016;2310;231
Health Drinks;8/21/2018;2055;924.75
Health Drinks;12/18/2018;1347;552.27
Chocolates;10/09/2018;1717;291.89
Organic Staples;09/08/2016;2069;558.63
Cookies;5/27/2018;1816;817.2
Rice;12/05/2015;2232;848.16
Fresh Vegetables;6/17/2017;1554;466.2
Flour;07/08/2018;629;69.19
Salt;11/16/2018;1066;138.58
Spices;09/08/2016;1998;459.54
Organic Vegetables;11/18/2018;603;229.14
Breads & Buns;5/22/2018;1331;199.65
Soft Drinks;9/29/2018;2451;269.61
Legumes;11/03/2017;1880;206.8
Noodles;6/20/2017;747;246.51
Meat;12/12/2016;609;60.9
Chocolates;3/25/2018;1495;269.1
Soft Drinks;1/30/2017;2394;502.74
Eggs;12/08/2018;1637;540.21
Fresh Fruits;7/23/2018;614;178.06
Chicken;1/30/2017;1755;175.5
Health Drinks;11/01/2016;1630;342.3
Organic Fruits;4/24/2017;645;174.15
Eggs;10/01/2018;1080;108
Legumes;12/26/2017;584;140.16
Fresh Fruits;9/29/2018;689;103.35
Fish;09/05/2017;960;393.6
Salt;7/20/2015;589;182.59
Chocolates;12/12/2016;1715;102.9
Spices;11/05/2017;1495;523.25
Organic Fruits;05/03/2016;1751;472.77
Fresh Vegetables;05/03/2016;744;96.72
Noodles;1/30/2017;1217;170.38
Meat;11/18/2018;2327;698.1
Chocolates;4/23/2018;1163;441.94
Chicken;12/20/2015;2466;295.92
Rice;11/28/2018;1575;598.5
Cookies;8/24/2016;2354;847.44
Meat;6/13/2016;2380;999.6
Organic Vegetables;10/02/2016;1520;608
Organic Vegetables;04/12/2017;1941;854.04
Breads & Buns;7/23/2018;2309;253.99
Noodles;6/20/2017;609;243.6
Chicken;08/01/2015;772;54.04
Noodles;11/06/2016;683;157.09
Meat;6/17/2018;1754;87.7
Breads & Buns;3/25/2018;1717;772.65
Chicken;10/02/2016;1450;72.5
Organic Vegetables;1/19/2015;513;61.56
Salt;05/05/2017;1382;248.76
Chocolates;6/29/2018;564;33.84
Spices;11/16/2017;2394;454.86
Chocolates;12/13/2016;1095;481.8
Health Drinks;11/24/2017;2246;965.78
Breads & Buns;4/21/2017;920;202.4
Breads & Buns;1/19/2015;2205;815.85
Health Drinks;12/20/2015;521;192.77
Health Drinks;3/19/2018;1527;488.64
Cakes;7/20/2015;2458;221.22
Fish;06/05/2017;2181;719.73
Eggs;8/21/2018;2065;619.5
Soft Drinks;05/05/2018;1839;717.21
Soft Drinks;10/01/2018;1148;482.16
Cakes;7/19/2016;1506;451.8
Biscuits;11/06/2016;2484;968.76
Spices;10/02/2017;1203;132.33
Soft Drinks;11/03/2017;1841;405.02
Fresh Fruits;05/05/2018;1063;74.41
Health Drinks;1/19/2015;743;74.3
Health Drinks;09/02/2017;2186;371.62
Chocolates;08/12/2017;2215;221.5
Cakes;3/22/2015;1410;352.5
Cookies;04/04/2016;928;120.64
Organic Staples;03/05/2018;1621;697.03
Biscuits;09/02/2017;1365;204.75
Salt;04/04/2016;912;54.72
Legumes;03/05/2018;1641;361.02
Noodles;03/05/2018;637;203.84
Rice;03/05/2018;2306;1037.7
Chicken;10/22/2018;688;137.6
Chocolates;12/17/2016;1004;341.36
Flour;03/05/2018;2435;365.25
Biscuits;10/06/2017;2079;270.27
Noodles;11/07/2018;2219;976.36
Noodles;04/04/2016;1783;392.26
Health Drinks;11/05/2017;2014;382.66
Edible Oil & Ghee;10/01/2017;662;132.4
Health Drinks;3/17/2015;1839;662.04
Soft Drinks;10/15/2016;922;46.1
Chocolates;10/06/2018;1012;172.04
Noodles;3/17/2015;1126;146.38
Legumes;12/11/2018;2132;533
Organic Vegetables;8/23/2016;583;169.07
Spices;04/10/2018;1239;223.02
Health Drinks;6/15/2015;2078;872.76
Health Drinks;5/26/2017;2418;701.22
Fresh Fruits;3/20/2018;1442;519.12
Meat;10/06/2018;907;353.73
Spices;3/17/2015;2189;875.6
Noodles;5/26/2017;940;75.2
Salt;07/05/2015;1092;283.92
Fresh Fruits;12/11/2016;1251;137.61
Chocolates;11/12/2015;1031;350.54
Breads & Buns;8/23/2016;1511;438.19
Health Drinks;07/08/2016;577;259.65
Chocolates;12/14/2018;1264;480.32
Chocolates;10/30/2018;2500;300
Meat;10/04/2017;1747;454.22
Noodles;3/20/2018;589;164.92
Health Drinks;8/23/2016;1598;639.2
Rice;07/05/2015;1848;332.64
Organic Staples;8/25/2016;1327;66.35
Organic Staples;8/23/2016;1375;151.25
Edible Oil & Ghee;07/02/2016;2375;760
Eggs;5/25/2018;2248;899.2
Spices;05/05/2018;630;94.5
Fish;9/14/2015;808;226.24
Cookies;3/17/2017;1923;576.9
Breads & Buns;09/10/2018;732;300.12
Breads & Buns;09/07/2016;1254;313.5
Eggs;3/17/2017;1607;594.59
Rice;4/21/2017;1687;101.22
Health Drinks;9/14/2018;1805;433.2
Meat;12/10/2018;2089;396.91
Organic Fruits;03/05/2016;2126;403.94
Organic Staples;9/25/2016;2278;1025.1
Flour;11/16/2018;1059;254.16
Edible Oil & Ghee;7/31/2016;795;325.95
Chocolates;06/04/2017;1306;130.6
Fresh Vegetables;05/02/2017;1079;151.06
Health Drinks;11/26/2015;2147;923.21
Legumes;8/23/2015;679;210.49
Breads & Buns;8/23/2015;1652;644.28
Spices;03/05/2016;1423;583.43
Organic Staples;3/17/2017;1046;135.98
Cakes;09/03/2015;1526;595.14
Cakes;12/10/2018;1541;169.51
Health Drinks;9/14/2015;2472;939.36
Edible Oil & Ghee;4/21/2017;1233;61.65
Fish;11/26/2015;1399;475.66
Soft Drinks;9/14/2015;2239;492.58
Cookies;9/24/2016;1992;458.16
Spices;7/20/2015;2429;825.86
Salt;10/03/2015;2455;368.25
Breads & Buns;9/24/2016;2285;776.9
Chicken;05/08/2017;1797;610.98
Edible Oil & Ghee;05/08/2017;649;181.72
Soft Drinks;7/26/2016;2500;175
Health Drinks;05/08/2017;2100;399
Cookies;9/24/2016;1415;169.8
Chocolates;3/16/2018;2266;317.24
Biscuits;05/02/2015;2463;714.27
Eggs;05/02/2017;2136;833.04
Rice;11/26/2015;2171;868.4
Spices;11/09/2016;2202;748.68
Salt;05/08/2017;1657;182.27
Chocolates;11/26/2015;563;157.64
Fresh Fruits;9/24/2016;710;312.4
Health Drinks;5/25/2018;1775;266.25
Soft Drinks;10/03/2015;963;144.45
Soft Drinks;06/10/2018;1266;557.04
Noodles;12/06/2016;874;384.56
Noodles;3/31/2015;2330;885.4
Health Drinks;10/10/2015;2440;512.4
Organic Staples;9/25/2016;2174;782.64
Fresh Vegetables;3/16/2018;1418;326.14
Legumes;7/20/2015;2134;960.3
Soft Drinks;9/24/2016;1833;696.54
Organic Fruits;8/13/2017;1087;108.7
Fish;07/01/2017;2439;512.19
Flour;07/01/2017;880;61.6
Fresh Fruits;07/01/2017;1232;492.8
Rice;10/24/2015;801;264.33
Health Drinks;5/22/2017;2087;918.28
Chicken;02/07/2017;704;112.64
Organic Vegetables;5/19/2018;1844;331.92
Chocolates;03/04/2015;1304;417.28
Organic Fruits;10/20/2018;925;379.25
Organic Staples;10/20/2018;807;347.01
Chocolates;10/23/2016;735;286.65
Health Drinks;3/31/2015;989;207.69
Flour;07/08/2017;2412;940.68
Fresh Vegetables;10/20/2018;793;333.06
Breads & Buns;5/31/2016;959;115.08
Legumes;12/11/2017;784;164.64
Chocolates;06/02/2018;1073;311.17
Chicken;8/16/2018;517;155.1
Cakes;7/28/2015;1745;244.3
Meat;05/06/2018;771;185.04
Organic Fruits;7/28/2015;1726;776.7
Salt;6/30/2015;1897;455.28
Eggs;3/22/2016;2404;1033.72
Noodles;8/16/2018;907;199.54
Organic Vegetables;10/28/2017;1905;495.3
Spices;3/31/2015;640;102.4
Meat;05/06/2018;2260;542.4
Cakes;7/21/2018;1872;149.76
Flour;12/11/2017;2111;232.21
Legumes;10/31/2016;2323;1045.35
Spices;11/24/2018;2396;431.28
Organic Staples;9/13/2015;1479;354.96
Health Drinks;10/22/2017;1474;619.08
Noodles;12/11/2017;2495;499
Rice;9/13/2015;984;314.88
Meat;12/11/2017;1282;461.52
Cakes;3/30/2018;607;157.82
Fresh Vegetables;06/04/2016;888;71.04
Edible Oil & Ghee;06/04/2016;512;71.68
Legumes;10/08/2017;696;118.32
Chocolates;9/17/2018;1499;119.92
Rice;10/17/2016;1925;500.5
Rice;10/31/2016;670;154.1
Organic Vegetables;1/30/2018;2147;493.81
Eggs;9/13/2015;1152;414.72
Health Drinks;10/31/2016;1136;454.4
Eggs;8/13/2018;2464;813.12
Soft Drinks;10/22/2017;1911;114.66
Organic Staples;9/26/2017;2459;786.88
Organic Vegetables;05/11/2018;2361;708.3
Spices;06/11/2018;2245;359.2
Health Drinks;10/19/2015;2290;755.7
Breads & Buns;12/03/2018;1666;299.88
Biscuits;09/11/2018;2002;440.44
Flour;12/11/2017;1097;131.64
Flour;9/26/2017;1301;169.13
Meat;8/13/2018;1958;215.38
Edible Oil & Ghee;12/13/2018;683;184.41
Noodles;10/31/2016;2171;434.2
Breads & Buns;11/04/2017;1344;188.16
Organic Vegetables;11/05/2016;1790;393.8
Organic Staples;8/13/2018;1768;88.4
Spices;09/11/2018;1355;311.65
Soft Drinks;9/26/2017;734;176.16
Biscuits;10/31/2016;790;110.6
Flour;9/13/2015;2206;176.48
Cakes;9/26/2017;2216;642.64
Organic Vegetables;05/11/2018;1702;374.44
Legumes;8/13/2018;1753;280.48
Chocolates;04/05/2016;1511;468.41
Salt;09/11/2018;1027;92.43
Edible Oil & Ghee;12/11/2017;1746;174.6
Organic Fruits;08/08/2016;1278;319.5
Organic Fruits;08/08/2016;585;175.5
Edible Oil & Ghee;05/11/2018;1083;108.3
Chicken;12/11/2017;1638;196.56
Chicken;10/31/2016;2452;539.44
Fresh Vegetables;10/16/2015;1030;144.2
Chocolates;11/05/2016;2002;740.74
Fresh Fruits;4/14/2017;782;273.7
Meat;12/11/2017;1757;404.11
Cakes;11/18/2017;639;261.99
Organic Fruits;09/11/2018;1279;76.74
Organic Vegetables;12/11/2017;1495;478.4
Legumes;6/21/2015;2370;568.8
Legumes;03/08/2017;2437;243.7
Rice;6/22/2015;1173;129.03
Organic Staples;07/10/2016;1561;249.76
Eggs;12/02/2018;1471;88.26
Noodles;6/21/2015;615;92.25
Breads & Buns;7/20/2016;2259;384.03
Flour;1/29/2018;2437;121.85
Fresh Vegetables;09/10/2018;2266;181.28
Soft Drinks;7/23/2018;1791;770.13
Organic Staples;04/05/2015;985;443.25
Flour;10/12/2016;588;129.36
Noodles;02/11/2015;1695;762.75
Rice;09/03/2016;2478;594.72
Health Drinks;7/20/2016;548;49.32
Breads & Buns;1/29/2018;1467;396.09
Cookies;9/18/2018;915;256.2
Health Drinks;09/07/2015;916;219.84
Salt;9/15/2016;1034;341.22
Fish;02/11/2015;1772;230.36
Health Drinks;09/10/2018;1999;359.82
Biscuits;04/05/2015;2052;143.64
Breads & Buns;5/20/2018;728;94.64
Breads & Buns;02/11/2015;1151;368.32
Chicken;09/10/2018;2134;533.5
Cakes;09/10/2018;864;267.84
Edible Oil & Ghee;09/07/2015;687;103.05
Edible Oil & Ghee;2/27/2017;2342;608.92
Organic Fruits;08/03/2017;1090;316.1
Fresh Fruits;5/20/2018;1334;413.54
Chocolates;02/11/2015;2261;610.47
Chocolates;12/09/2018;2220;865.8
Organic Fruits;09/10/2018;2451;416.67
Breads & Buns;11/11/2018;2284;296.92
Chocolates;5/20/2018;2234;580.84
Breads & Buns;8/13/2016;2048;102.4
Soft Drinks;12/09/2018;2053;246.36
Soft Drinks;1/16/2018;1520;182.4
Fresh Fruits;5/20/2018;1317;474.12
Soft Drinks;11/21/2016;705;289.05
Cakes;12/09/2018;1248;424.32
Salt;04/05/2015;1143;457.2
Meat;04/01/2018;1455;116.4
Legumes;7/20/2016;2190;350.4
Organic Fruits;1/29/2018;711;170.64
Legumes;09/10/2018;2174;673.94
Organic Fruits;12/20/2017;993;178.74
Eggs;3/29/2018;1976;889.2
Meat;7/20/2016;1671;100.26
Breads & Buns;11/21/2016;943;339.48
Cookies;04/05/2015;1495;224.25
Chicken;04/01/2018;1436;560.04
Health Drinks;7/20/2016;1545;355.35
Noodles;1/16/2018;1188;368.28
Soft Drinks;9/15/2016;1081;345.92
Biscuits;04/09/2018;1595;159.5
Legumes;5/20/2018;2218;842.84
Eggs;9/13/2016;1787;107.22
Edible Oil & Ghee;5/18/2015;1734;329.46
Soft Drinks;5/21/2015;593;41.51
Edible Oil & Ghee;7/22/2015;1878;319.26
Noodles;9/28/2018;521;177.14
Rice;11/19/2018;1149;195.33
Legumes;12/13/2015;805;177.1
Meat;01/02/2018;2066;723.1
Organic Vegetables;1/19/2018;2085;646.35
Eggs;6/17/2015;1990;179.1
Breads & Buns;3/25/2018;2351;1034.44
Chicken;03/05/2016;1381;524.78
Spices;07/12/2016;1413;113.04
Salt;01/03/2016;2419;145.14
Legumes;11/24/2017;1238;519.96
Flour;10/23/2018;668;240.48
Organic Vegetables;11/24/2017;2224;244.64
Salt;09/09/2015;1818;745.38
Soft Drinks;08/08/2017;1319;435.27
Breads & Buns;11/24/2017;1403;547.17
Health Drinks;1/31/2017;1789;107.34
Organic Staples;10/28/2018;1564;422.28
Fish;2/14/2015;652;260.8
Flour;7/26/2015;2318;486.78
Rice;01/02/2018;1482;474.24
Legumes;11/19/2018;1179;506.97
Biscuits;09/11/2018;1856;723.84
Soft Drinks;08/08/2017;1245;423.3
Soft Drinks;10/20/2017;2114;761.04
Organic Vegetables;11/19/2018;2173;217.3
Organic Staples;02/05/2018;1927;558.83
Chocolates;04/02/2015;1134;272.16
Cakes;7/14/2017;726;239.58
Soft Drinks;11/24/2017;1750;175
Biscuits;4/20/2015;2363;519.86
Edible Oil & Ghee;11/17/2016;553;165.9
Health Drinks;5/21/2015;1064;308.56
Chocolates;09/11/2018;2262;135.72
Noodles;10/09/2018;1277;498.03
Organic Fruits;10/20/2017;651;162.75
Cookies;04/02/2015;2023;202.3
Noodles;12/23/2018;959;163.03
Cakes;07/12/2015;2303;713.93
Edible Oil & Ghee;10/19/2016;655;98.25
Health Drinks;01/02/2018;2216;487.52
Fresh Fruits;07/12/2016;2144;536
Edible Oil & Ghee;03/05/2016;2168;281.84
Meat;02/06/2015;1863;726.57
Breads & Buns;5/21/2015;511;81.76
Salt;10/23/2018;1615;500.65
Soft Drinks;12/01/2017;1281;64.05
Fresh Vegetables;02/05/2018;2430;170.1
Legumes;03/05/2016;2328;465.6
Organic Vegetables;12/02/2018;2032;243.84
Chicken;10/17/2015;2243;1009.35
Cookies;09/12/2015;501;100.2
Organic Vegetables;11/14/2018;1221;61.05
Spices;5/24/2016;1566;548.1
Edible Oil & Ghee;12/23/2018;947;331.45
Edible Oil & Ghee;3/31/2018;1732;294.44
Eggs;10/02/2016;1678;486.62
Cakes;3/17/2018;1310;78.6
Fish;11/01/2018;2242;986.48
Organic Fruits;03/06/2018;1892;340.56
Organic Vegetables;09/02/2018;1433;487.22
Noodles;08/08/2016;1769;530.7
Cakes;6/28/2017;1668;200.16
Organic Fruits;9/15/2018;2460;1082.4
Fresh Vegetables;08/08/2016;1894;833.36
Noodles;10/31/2016;1519;455.7
Breads & Buns;7/15/2018;881;299.54
Noodles;09/03/2017;615;239.85
Flour;6/28/2017;1402;252.36
Biscuits;10/31/2015;1651;313.69
Chicken;11/23/2016;860;240.8
Organic Fruits;10/31/2016;1250;100
Breads & Buns;05/12/2018;655;262
Soft Drinks;6/28/2017;2168;737.12
Noodles;12/05/2016;2351;517.22
Edible Oil & Ghee;9/29/2015;1234;481.26
Edible Oil & Ghee;11/05/2018;569;34.14
Fresh Fruits;11/05/2018;1020;71.4
Chicken;7/15/2018;1018;101.8
Spices;7/13/2016;1514;393.64
Meat;03/05/2015;1568;266.56
Organic Staples;10/31/2015;1097;449.77
Edible Oil & Ghee;10/03/2018;1778;426.72
Chicken;05/12/2018;626;200.32
Biscuits;03/05/2015;1330;505.4
Biscuits;12/01/2017;1502;480.64
Health Drinks;11/23/2016;1686;590.1
Health Drinks;10/28/2017;1817;490.59
Spices;11/27/2018;944;94.4
Noodles;05/11/2018;2351;705.3
Health Drinks;03/05/2015;2321;603.46
Organic Vegetables;3/28/2016;2058;370.44
Soft Drinks;03/12/2017;1636;392.64
Biscuits;12/04/2016;1411;366.86
Cakes;9/29/2015;1175;293.75
Fish;12/05/2018;1729;518.7
Breads & Buns;7/15/2018;1324;569.32
Noodles;4/18/2016;1127;349.37
Organic Staples;09/02/2018;2189;897.49
Noodles;9/30/2018;649;136.29
Chocolates;10/02/2016;2470;568.1
Organic Fruits;8/27/2017;1211;448.07
Fish;12/08/2018;608;54.72
Cookies;3/17/2018;1266;88.62
Chocolates;05/12/2016;1065;85.2
Soft Drinks;6/17/2017;522;120.06
Meat;12/05/2017;1992;418.32
Chocolates;12/08/2018;1272;381.6
Meat;6/28/2017;1189;118.9
Chicken;11/23/2016;912;228
Health Drinks;8/27/2017;623;62.3
Meat;09/02/2018;1251;75.06
Chicken;10/08/2015;2074;477.02
Organic Staples;10/09/2016;2121;487.83
Cakes;04/12/2018;1967;491.75
Health Drinks;12/08/2018;2190;810.3
Chocolates;10/31/2015;990;198
Salt;8/27/2017;1903;380.6
Chocolates;04/12/2018;2125;658.75
Chocolates;3/17/2018;1081;281.06
Fish;11/09/2016;2012;804.8
Salt;9/28/2016;1617;533.61
Meat;3/17/2018;2325;255.75
Organic Vegetables;12/01/2017;731;321.64
Organic Fruits;11/17/2018;600;198
Fresh Vegetables;11/09/2016;778;178.94
Rice;09/04/2018;1284;231.12
Salt;11/23/2016;1425;285
Noodles;11/23/2016;885;123.9
Fish;12/26/2016;1897;474.25
Soft Drinks;12/05/2018;742;74.2
Chicken;08/12/2017;2034;223.74
Chocolates;2/20/2016;1197;287.28
Meat;9/15/2018;1741;731.22
Rice;08/08/2016;1816;635.6
Cakes;6/23/2017;771;277.56
Cookies;11/23/2016;596;214.56
Soft Drinks;09/03/2017;788;291.56
Fish;3/31/2018;1420;99.4
Chicken;3/17/2018;1239;470.82
Biscuits;7/29/2018;721;201.88
Health Drinks;7/14/2017;1085;303.8
Organic Vegetables;8/27/2017;1537;322.77
Fish;9/29/2015;1192;166.88
Noodles;11/14/2015;1655;496.5
Edible Oil & Ghee;11/01/2018;1400;434
Cakes;03/11/2015;752;218.08
Soft Drinks;11/05/2018;1341;268.2
Biscuits;3/24/2017;1735;86.75
Organic Staples;11/28/2015;1736;329.84
Breads & Buns;6/13/2017;1084;487.8
Rice;7/18/2016;1601;112.07
Cakes;12/25/2017;1703;272.48
Fresh Fruits;7/13/2016;1699;390.77
Health Drinks;8/24/2018;784;125.44
Chocolates;12/27/2015;2161;821.18
Soft Drinks;11/12/2018;1443;490.62
Chocolates;8/19/2015;1329;318.96
Eggs;8/18/2018;2134;576.18
Cookies;1/27/2018;559;195.65
Health Drinks;07/07/2018;2445;122.25
Fresh Vegetables;3/17/2018;1381;331.44
Eggs;9/23/2015;1889;453.36
Salt;7/23/2016;864;259.2
Fish;3/21/2018;1360;326.4
Legumes;8/24/2016;1824;802.56
Salt;12/04/2018;2099;881.58
Organic Vegetables;09/09/2015;2145;493.35
Fresh Vegetables;8/24/2016;547;82.05
Breads & Buns;11/10/2017;1145;137.4
Organic Vegetables;7/25/2018;815;285.25
Meat;09/04/2018;2291;458.2
Rice;09/04/2018;671;33.55
Soft Drinks;5/18/2015;757;113.55
Flour;5/15/2017;668;80.16
Soft Drinks;1/19/2018;1791;125.37
Health Drinks;7/25/2018;1165;267.95
Breads & Buns;10/05/2015;1051;388.87
Chicken;12/29/2015;896;340.48
Soft Drinks;6/16/2018;1042;177.14
Chocolates;05/10/2015;1272;343.44
Fresh Fruits;12/05/2016;2438;341.32
Flour;2/25/2017;2258;699.98
Spices;9/17/2017;2296;298.48
Soft Drinks;7/25/2018;734;286.26
Cakes;11/10/2017;2439;1073.16
Rice;9/25/2018;1287;77.22
Biscuits;11/27/2018;1733;450.58
Cookies;11/05/2018;1424;356
Organic Staples;03/05/2015;2433;608.25
Meat;03/11/2015;1008;423.36
Edible Oil & Ghee;3/26/2016;1075;268.75
Cookies;9/16/2018;1599;303.81
Breads & Buns;12/01/2015;1230;430.5
Chicken;9/22/2018;954;381.6
Legumes;8/24/2018;1526;167.86
Health Drinks;9/22/2018;561;100.98
Breads & Buns;09/04/2018;1976;671.84
Fish;9/13/2015;918;137.7
Edible Oil & Ghee;12/15/2017;2065;805.35
Flour;8/19/2015;1606;690.58
Breads & Buns;09/04/2018;2448;734.4
Salt;6/21/2018;1182;460.98
Legumes;12/05/2016;1563;656.46
Eggs;9/26/2016;839;50.34
Organic Staples;11/18/2015;720;216
Breads & Buns;11/26/2017;921;147.36
Biscuits;11/03/2017;691;48.37
Soft Drinks;12/29/2018;988;355.68
Meat;12/29/2018;1884;584.04
Meat;11/14/2017;1645;115.15
Organic Vegetables;12/09/2018;1297;479.89
Soft Drinks;12/19/2015;665;246.05
Cookies;05/01/2017;1020;306
Edible Oil & Ghee;05/05/2015;2240;918.4
Soft Drinks;3/29/2016;2257;857.66
Health Drinks;11/14/2017;1122;157.08
Legumes;12/09/2018;2374;284.88
Chocolates;3/27/2018;904;153.68
Noodles;3/16/2016;959;95.9
Salt;12/09/2018;561;145.86
Breads & Buns;3/27/2018;534;208.26
Organic Vegetables;05/01/2017;773;123.68
Health Drinks;9/23/2018;2396;119.8
Salt;05/05/2015;1898;360.62
Biscuits;8/27/2015;779;109.06
Health Drinks;11/08/2016;1409;211.35
Flour;9/27/2017;690;48.3
Flour;12/17/2015;1135;249.7
Rice;6/30/2017;2406;625.56
Edible Oil & Ghee;11/03/2017;558;189.72
Chicken;4/29/2015;1243;198.88
Flour;4/19/2015;2287;343.05
Fish;05/01/2017;743;104.02
Biscuits;9/27/2017;2081;811.59
Rice;05/05/2015;2155;754.25
Soft Drinks;12/25/2018;1536;291.84
Noodles;9/14/2016;989;168.13
Fresh Fruits;3/27/2018;886;256.94
Breads & Buns;09/11/2018;829;157.51
Chicken;03/01/2016;1784;499.52
Chocolates;12/09/2018;1534;291.46
Spices;09/11/2018;1486;297.2
Soft Drinks;11/03/2017;1559;265.03
Organic Vegetables;3/27/2018;1522;395.72
Rice;12/09/2018;1227;441.72
Biscuits;11/08/2016;1155;473.55
Meat;12/25/2016;1231;147.72
Biscuits;3/16/2016;965;328.1
Cookies;9/23/2017;1422;597.24
Health Drinks;4/14/2017;1567;564.12
Chicken;12/19/2015;785;337.55
Cookies;12/21/2018;1390;583.8
Chocolates;6/29/2017;1887;207.57
Chocolates;11/08/2016;1273;63.65
Edible Oil & Ghee;05/09/2017;2493;673.11
Meat;11/19/2018;681;245.16
Fresh Vegetables;02/02/2017;1655;612.35
Health Drinks;11/25/2018;2195;285.35
Spices;12/05/2017;2100;315
Breads & Buns;4/19/2015;2341;749.12
Flour;11/13/2018;1585;634
Flour;12/23/2015;1853;796.79
Fresh Fruits;12/22/2018;2451;318.63
Organic Staples;8/25/2018;2099;314.85
Organic Fruits;10/22/2016;2315;972.3
Health Drinks;7/29/2018;1512;241.92
Organic Fruits;09/04/2017;1413;452.16
Biscuits;8/25/2018;741;51.87
Biscuits;09/04/2017;1363;558.83
Legumes;8/29/2015;1718;360.78
Breads & Buns;03/09/2016;1546;108.22
Organic Vegetables;04/11/2015;1374;590.82
Rice;8/23/2018;2347;704.1
Chicken;12/23/2015;1297;570.68
Breads & Buns;10/28/2018;831;257.61
Breads & Buns;11/06/2018;1506;677.7
Noodles;3/18/2017;1171;363.01
Edible Oil & Ghee;7/29/2018;689;172.25
Edible Oil & Ghee;09/05/2017;580;29
Eggs;04/11/2015;2221;155.47
Flour;12/23/2015;2377;499.17
Meat;10/28/2018;1353;148.83
Flour;8/13/2017;2449;930.62
Fresh Vegetables;11/03/2018;2430;704.7
Eggs;09/05/2017;2453;466.07
Noodles;09/04/2017;1857;315.69
Breads & Buns;11/13/2018;1914;153.12
Biscuits;8/22/2015;853;110.89
Fresh Fruits;8/27/2018;1807;289.12
Eggs;12/04/2016;1571;518.43
Breads & Buns;11/06/2018;2280;159.6
Health Drinks;11/13/2018;1567;673.81
Fish;8/23/2018;1839;588.48
Health Drinks;5/27/2018;794;230.26
Edible Oil & Ghee;12/23/2015;2374;593.5
Rice;8/23/2018;1049;230.78
Chocolates;10/31/2017;1826;109.56
Organic Vegetables;11/06/2018;1077;463.11
Rice;8/31/2018;2184;764.4
Health Drinks;10/01/2017;1463;160.93
Fish;10/21/2017;1474;132.66
Spices;5/15/2017;1499;89.94
Rice;10/01/2017;1216;474.24
Health Drinks;8/29/2015;945;160.65
Cakes;12/04/2016;1916;402.36
Chicken;09/05/2017;1657;331.4
Health Drinks;11/06/2018;1222;281.06
Rice;8/13/2017;2397;958.8
Biscuits;12/12/2016;2181;261.72
Eggs;12/20/2015;1591;556.85
Chicken;01/07/2018;970;48.5
Health Drinks;6/24/2018;1350;256.5
Cookies;9/29/2017;1364;381.92
Spices;3/28/2017;530;190.8
Fresh Vegetables;07/07/2017;1779;142.32
Soft Drinks;6/24/2017;1586;713.7
Breads & Buns;6/23/2017;837;234.36
Salt;8/26/2017;2292;183.36
Organic Staples;12/29/2015;2213;531.12
Eggs;6/17/2018;1028;61.68
Health Drinks;4/13/2016;814;48.84
Fresh Fruits;05/04/2018;892;240.84
Salt;11/12/2018;1931;617.92
Flour;9/23/2018;1210;217.8
Eggs;09/09/2018;2118;889.56
Spices;12/20/2015;2406;529.32
Organic Staples;10/12/2018;661;257.79
Biscuits;9/24/2016;1372;274.4
Edible Oil & Ghee;7/25/2016;1283;346.41
Organic Fruits;12/13/2016;2073;497.52
Organic Vegetables;8/14/2018;967;367.46
Chicken;04/01/2015;827;49.62
Flour;04/11/2016;1808;216.96
Chocolates;2/15/2016;2167;303.38
Cookies;11/22/2016;1449;623.07
Soft Drinks;11/12/2018;2351;399.67
Fresh Vegetables;10/23/2016;1818;199.98
Fresh Fruits;2/19/2017;785;78.5
Soft Drinks;12/10/2018;2481;372.15
Chocolates;12/08/2015;1479;473.28
Breads & Buns;10/18/2015;1097;87.76
Health Drinks;06/11/2018;607;242.8
Organic Fruits;7/27/2018;949;360.62
Eggs;7/25/2016;1666;383.18
Organic Staples;3/23/2015;1151;391.34
Chicken;12/08/2017;1338;414.78
Spices;06/11/2018;967;67.69
Noodles;7/17/2017;2200;396
Fresh Vegetables;05/06/2018;1077;430.8
Soft Drinks;6/24/2017;2367;1065.15
Breads & Buns;08/04/2015;1075;301
Flour;09/01/2015;1306;195.9
Organic Staples;4/19/2017;985;275.8
Organic Staples;11/05/2017;527;126.48
Spices;09/02/2017;2194;987.3
Legumes;11/12/2018;1196;131.56
Salt;6/23/2017;579;208.44
Fresh Fruits;2/15/2016;1609;257.44
Spices;11/10/2017;2048;655.36
Meat;5/16/2017;2461;959.79
Noodles;09/12/2018;2088;647.28
Salt;01/06/2015;2259;112.95
Organic Staples;12/05/2018;1390;542.1
Fresh Fruits;12/25/2016;814;276.76
Legumes;12/25/2016;1253;400.96
Cakes;3/29/2016;2093;732.55
Eggs;3/26/2017;1915;210.65
Cakes;06/12/2018;2144;150.08
Fish;07/11/2016;2387;930.93
Health Drinks;01/07/2018;739;162.58
Salt;08/03/2018;556;244.64
Chocolates;11/22/2016;1174;117.4
Chocolates;12/12/2015;2230;468.3
Spices;11/06/2017;1325;79.5
Fresh Vegetables;08/01/2018;1905;476.25
Fish;12/08/2017;2290;137.4
Organic Staples;9/23/2018;593;166.04
Salt;4/16/2017;2448;538.56
Legumes;11/10/2017;1935;832.05
Salt;05/08/2018;1163;116.3
Chocolates;10/17/2018;1170;362.7
Edible Oil & Ghee;7/22/2015;1924;269.36
Chicken;10/25/2016;2232;491.04
Cakes;12/12/2016;2031;162.48
Noodles;10/23/2016;716;150.36
Legumes;12/12/2016;988;148.2
Fish;12/20/2016;1750;367.5
Spices;4/19/2017;1547;123.76
Chicken;11/30/2016;1259;176.26
Biscuits;2/21/2016;579;208.44
Meat;7/27/2018;1304;573.76
Meat;3/28/2017;1677;620.49
Organic Vegetables;11/10/2017;520;104
Rice;3/21/2018;1503;405.81
Spices;6/23/2017;1198;419.3
Rice;7/25/2015;559;156.52
Cookies;12/17/2016;1163;220.97
Biscuits;12/17/2016;1989;735.93
Breads & Buns;11/10/2017;1714;702.74
Fish;4/19/2017;1615;629.85
Organic Staples;08/04/2015;691;200.39
Fish;3/26/2015;1953;566.37
Salt;08/03/2018;995;427.85
Flour;11/10/2017;2422;435.96
Meat;6/16/2017;2011;744.07
Meat;08/04/2015;1565;469.5
Fresh Fruits;7/25/2015;2263;271.56
Health Drinks;2/15/2016;2035;468.05
Fresh Vegetables;8/14/2018;759;98.67
Cookies;7/25/2017;995;218.9
Flour;12/13/2015;1295;142.45
Breads & Buns;3/29/2016;2366;425.88
Rice;09/10/2016;599;221.63
Spices;7/17/2017;1986;496.5
Salt;01/07/2018;1485;386.1
Organic Vegetables;08/04/2015;1025;133.25
Health Drinks;9/14/2018;1164;302.64
Biscuits;5/16/2017;1258;364.82
Spices;09/09/2018;1843;313.31
Eggs;11/22/2016;1869;485.94
Fresh Vegetables;7/22/2015;2331;186.48
Legumes;01/07/2018;1368;615.6
Health Drinks;08/08/2015;1021;224.62
Fish;10/29/2017;2244;201.96
Cakes;4/19/2017;539;59.29
Fresh Vegetables;11/15/2017;1256;514.96
Cookies;08/04/2015;2158;258.96
Health Drinks;10/18/2015;2282;867.16
Cookies;9/23/2018;1940;679
Salt;9/24/2016;561;140.25
Organic Staples;12/18/2018;1764;776.16
Cakes;3/19/2018;1375;316.25
Soft Drinks;12/20/2015;1589;349.58
Cakes;12/17/2016;639;210.87
Fish;3/21/2018;2194;416.86
Chocolates;09/10/2017;1641;114.87
Legumes;4/25/2018;1642;229.88
Organic Fruits;12/19/2018;1721;653.98
Salt;02/03/2015;1015;152.25
Health Drinks;09/02/2018;1226;416.84
Breads & Buns;12/03/2018;1717;618.12
Edible Oil & Ghee;11/10/2017;2097;650.07
Organic Staples;3/21/2018;1622;486.6
Fish;4/19/2017;2004;340.68
Organic Fruits;3/26/2017;1644;82.2
Flour;7/17/2017;2477;891.72
Breads & Buns;9/24/2016;531;127.44
Salt;02/03/2015;1546;448.34
Cookies;07/11/2016;746;164.12
Organic Fruits;12/29/2017;621;279.45
Edible Oil & Ghee;7/14/2016;1377;509.49
Soft Drinks;3/20/2016;1621;664.61
Organic Fruits;12/06/2015;1497;389.22
Soft Drinks;11/07/2015;1874;787.08
Soft Drinks;09/09/2017;1225;147
Salt;04/01/2015;2308;369.28
Health Drinks;7/14/2016;1103;485.32
Noodles;11/18/2015;1526;686.7
Cakes;8/20/2018;2289;618.03
Soft Drinks;2/15/2016;687;240.45
Flour;2/15/2016;972;213.84
Soft Drinks;12/20/2015;1669;550.77
Biscuits;11/01/2018;506;70.84
Edible Oil & Ghee;06/02/2018;852;289.68
Spices;11/07/2015;1640;656
Health Drinks;12/03/2018;2093;941.85
Spices;4/23/2018;1223;61.15
Eggs;09/04/2018;581;255.64
Cakes;06/11/2018;505;222.2
Fresh Vegetables;06/02/2018;2145;600.6
Cakes;9/24/2016;1933;753.87
Biscuits;3/19/2018;2060;618
Cakes;11/15/2017;1469;499.46
Organic Fruits;12/03/2018;523;120.29
Breads & Buns;11/24/2018;1916;229.92
Organic Staples;9/15/2018;1513;181.56
Rice;11/24/2018;1756;684.84
Organic Vegetables;11/20/2016;2381;857.16
Fresh Vegetables;10/22/2018;1683;218.79
Rice;11/20/2016;1784;267.6
Health Drinks;03/08/2016;1937;368.03
Soft Drinks;5/29/2018;1402;112.16
Fresh Fruits;9/24/2017;2425;436.5
Soft Drinks;5/29/2018;1583;221.62
Cookies;3/21/2018;2402;192.16
Cakes;7/17/2017;816;97.92
Cookies;10/01/2018;2246;269.52
Organic Staples;9/24/2017;1752;438
Chocolates;12/21/2018;1265;404.8
Edible Oil & Ghee;1/20/2015;1148;309.96
Chocolates;7/17/2017;2360;542.8
Noodles;5/29/2018;945;245.7
Salt;12/29/2017;2478;1090.32
Biscuits;3/17/2015;1727;690.8
Legumes;9/13/2017;2033;447.26
Chocolates;7/29/2018;2307;299.91
Health Drinks;09/01/2017;947;132.58
Noodles;11/10/2015;2062;907.28
Eggs;10/30/2017;2385;310.05
Cookies;6/20/2015;560;95.2
Organic Fruits;6/29/2018;1654;496.2
Biscuits;05/08/2016;1827;493.29
Eggs;9/23/2015;1524;441.96
Edible Oil & Ghee;9/25/2018;981;255.06
Organic Staples;7/29/2018;1856;835.2
Fish;4/20/2016;1794;789.36
Flour;09/09/2018;1374;82.44
Cakes;09/04/2017;2491;1120.95
Fresh Vegetables;12/08/2018;1812;108.72
Edible Oil & Ghee;11/13/2016;714;78.54
Fish;11/30/2017;1388;111.04
Fresh Fruits;8/26/2017;653;124.07
Organic Vegetables;1/30/2015;2262;791.7
Health Drinks;06/09/2016;2234;714.88
Chicken;03/10/2015;2275;864.5
Eggs;11/03/2018;2036;325.76
Eggs;08/08/2017;916;238.16
Flour;10/07/2018;2079;103.95
Fresh Vegetables;1/30/2015;1906;457.44
Organic Vegetables;1/20/2015;1629;733.05
Fresh Vegetables;3/30/2015;1738;729.96
Soft Drinks;12/22/2018;1481;207.34
Flour;11/07/2015;979;166.43
Flour;9/13/2017;1477;354.48
Edible Oil & Ghee;6/29/2018;778;272.3
Rice;12/08/2018;977;439.65
Health Drinks;8/26/2017;681;299.64
Organic Fruits;1/20/2015;1272;139.92
Legumes;06/04/2018;1649;98.94
Cookies;03/04/2017;1144;125.84
Noodles;11/22/2017;2141;428.2
Fish;11/23/2015;1137;500.28
Rice;11/14/2015;1823;729.2
Flour;11/09/2016;988;296.4
Spices;4/13/2016;1052;105.2
Legumes;11/07/2015;1768;141.44
Chicken;3/28/2015;1067;384.12
Breads & Buns;11/09/2016;580;237.8
Fish;1/23/2015;2314;624.78
Breads & Buns;5/29/2016;2251;922.91
Salt;6/13/2017;547;109.4
Fresh Vegetables;11/03/2018;508;208.28
Fresh Fruits;11/10/2015;2114;739.9
Organic Vegetables;11/10/2015;1524;228.6
Cakes;7/17/2017;1903;799.26
Organic Staples;11/09/2016;1808;253.12
Breads & Buns;9/13/2017;693;194.04
Meat;9/13/2017;1615;96.9
Edible Oil & Ghee;6/27/2018;2032;325.12
Eggs;11/17/2016;1474;530.64
Meat;09/10/2016;2097;104.85
Noodles;11/10/2015;1211;472.29
Edible Oil & Ghee;11/10/2015;775;240.25
Spices;7/17/2017;1365;532.35
Salt;9/13/2017;1405;224.8
Legumes;11/07/2015;693;311.85
Legumes;07/11/2018;1934;135.38
Fresh Fruits;04/04/2015;1500;555
Fresh Vegetables;09/01/2017;783;305.37
Soft Drinks;03/11/2018;2073;663.36
Legumes;4/20/2018;1191;83.37
Fresh Fruits;05/04/2015;2244;561
Soft Drinks;11/14/2015;2451;441.18
Rice;11/11/2018;2454;834.36
Fresh Fruits;11/30/2017;2072;497.28
Soft Drinks;12/08/2018;2070;414
Noodles;11/19/2015;1159;359.29
Biscuits;11/17/2016;1153;219.07
Cakes;4/25/2016;1918;575.4
Breads & Buns;7/22/2017;1298;363.44
Cookies;12/04/2018;985;128.05
Soft Drinks;4/25/2016;971;242.75
Rice;12/09/2018;781;132.77
Flour;08/10/2016;1050;273
Fresh Fruits;09/01/2017;1494;164.34
Cookies;09/01/2017;1320;211.2
Flour;9/20/2017;1791;537.3
Fresh Fruits;12/09/2018;1108;166.2
Spices;1/20/2015;2054;657.28
Soft Drinks;1/20/2015;1785;624.75
Soft Drinks;9/23/2015;2103;147.21
Organic Staples;12/16/2018;1699;526.69
Soft Drinks;9/13/2017;1576;315.2
Organic Fruits;04/12/2015;1926;211.86
Meat;12/09/2018;1804;469.04
Fish;3/21/2018;1496;329.12
Fresh Vegetables;12/26/2018;1066;341.12
Fish;1/28/2018;2266;815.76
Edible Oil & Ghee;7/22/2017;533;165.23
Spices;9/23/2015;2327;465.4
Chocolates;7/22/2017;1257;540.51
Organic Fruits;11/03/2018;2471;1087.24
Legumes;9/23/2015;799;327.59
Organic Staples;09/03/2017;898;161.64
Eggs;6/20/2015;1636;98.16
Soft Drinks;11/07/2015;2169;325.35
Cakes;3/17/2015;2191;810.67
Organic Vegetables;08/05/2018;1903;647.02
Noodles;06/01/2016;1807;795.08
Health Drinks;3/17/2015;2433;1046.19
Cookies;08/10/2018;535;48.15
Noodles;9/22/2017;1835;293.6
Salt;9/13/2017;2081;894.83
Soft Drinks;03/05/2016;1636;736.2
Legumes;11/11/2018;2069;744.84
Health Drinks;4/20/2018;1562;421.74
Soft Drinks;06/01/2016;1726;500.54
Breads & Buns;7/25/2018;1633;718.52
Chicken;11/13/2016;1415;353.75
Cookies;9/22/2017;2126;616.54
Organic Vegetables;3/17/2015;730;146
Chicken;11/30/2017;1609;579.24
Cookies;10/20/2017;2229;824.73
Meat;2/13/2018;1637;654.8
Salt;7/17/2017;780;46.8
Legumes;8/31/2018;1456;364
Organic Staples;5/19/2015;1464;409.92
Health Drinks;08/05/2018;1567;642.47
Noodles;11/20/2018;2083;708.22
Fish;3/17/2015;2351;963.91
Health Drinks;12/23/2015;723;50.61
Cookies;12/17/2017;1431;314.82
Rice;12/09/2017;2065;247.8
Cookies;7/31/2017;2191;591.57
Fish;09/01/2017;671;120.78
Meat;1/20/2015;2126;340.16
Rice;10/09/2016;548;235.64
Fresh Fruits;09/04/2017;1859;204.49
Biscuits;10/13/2017;1905;209.55
Salt;03/03/2017;2008;702.8
Chocolates;11/22/2017;2053;780.14
Flour;11/21/2017;1260;441
Biscuits;7/23/2017;865;337.35
Meat;12/17/2016;2266;589.16
Noodles;4/24/2018;1142;296.92
Organic Vegetables;12/22/2015;862;370.66
Meat;10/23/2018;625;31.25
Legumes;09/04/2018;1494;209.16
Eggs;6/19/2018;1597;223.58
Chicken;1/30/2018;710;163.3
Soft Drinks;10/11/2017;1189;118.9
Chocolates;4/20/2018;2362;401.54
Fresh Vegetables;12/25/2018;732;51.24
Chocolates;10/08/2016;1080;248.4
Salt;9/15/2018;2351;822.85
Rice;4/18/2015;1792;752.64
Health Drinks;7/23/2017;1086;195.48
Soft Drinks;11/14/2018;825;66
Fish;12/05/2016;609;115.71
Health Drinks;05/10/2017;1491;387.66
Cakes;06/06/2015;1885;188.5
Cookies;09/11/2017;1126;495.44
Legumes;12/14/2015;1676;351.96
Health Drinks;2/16/2018;2160;928.8
Cakes;12/31/2016;868;329.84
Eggs;11/30/2018;2013;201.3
Fish;5/23/2018;2097;712.98
Chocolates;09/11/2017;2070;248.4
Flour;10/03/2015;540;70.2
Spices;03/06/2018;1235;247
Edible Oil & Ghee;05/02/2017;1956;97.8
Organic Staples;07/02/2016;1923;423.06
Noodles;12/09/2018;1004;311.24
Health Drinks;5/15/2018;2153;279.89
Chicken;5/31/2017;1918;479.5
Organic Vegetables;11/07/2016;1618;242.7
Spices;09/08/2015;1260;176.4
Breads & Buns;03/04/2018;841;269.12
Flour;11/19/2017;1988;119.28
Cookies;04/06/2016;1449;420.21
Eggs;06/02/2018;1130;90.4
Breads & Buns;01/03/2015;864;380.16
Meat;10/13/2017;2364;756.48
Organic Staples;6/20/2015;1512;650.16
Chocolates;12/27/2017;2154;323.1
Eggs;4/25/2016;2209;574.34
Health Drinks;12/06/2015;1535;122.8
Noodles;12/04/2018;635;158.75
Organic Vegetables;11/21/2017;753;263.55
Cookies;12/28/2016;785;243.35
Fresh Fruits;7/30/2017;2295;275.4
Cakes;09/02/2017;2470;197.6
Cookies;2/18/2015;527;126.48
Cakes;12/31/2016;1238;198.08
Fish;6/19/2018;1343;134.3
Legumes;11/06/2018;1183;496.86
Chocolates;11/07/2016;1024;368.64
Health Drinks;11/07/2016;1554;590.52
Fresh Vegetables;4/16/2018;1952;156.16
Biscuits;3/23/2018;1724;189.64
Legumes;8/31/2017;1937;503.62
Cookies;12/31/2016;1394;487.9
Fresh Fruits;8/13/2017;1851;111.06
Legumes;7/23/2017;1017;203.4
Organic Staples;10/10/2016;1684;218.92
Spices;10/11/2017;1559;93.54
Noodles;3/21/2017;2029;872.47
Fish;5/26/2015;2090;397.1
Fresh Vegetables;3/18/2018;827;223.29
Fish;11/07/2016;1494;373.5
Noodles;09/04/2017;1639;360.58
Soft Drinks;05/02/2017;1036;331.52
Cookies;11/11/2015;722;317.68
Fresh Vegetables;11/17/2015;1321;66.05
Fresh Vegetables;6/16/2016;1229;73.74
Health Drinks;11/19/2017;541;75.74
Fresh Fruits;4/18/2015;1028;61.68
Organic Vegetables;03/03/2017;1800;738
Biscuits;10/03/2015;2282;1004.08
Soft Drinks;12/19/2015;891;258.39
Organic Staples;11/12/2018;1974;829.08
Rice;6/16/2016;1986;238.32
Eggs;4/20/2016;2443;439.74
Chocolates;09/11/2018;1608;611.04
Meat;6/20/2015;717;78.87
Eggs;07/02/2016;1527;76.35
Salt;5/26/2015;1980;198
Fresh Vegetables;12/19/2015;1197;299.25
Flour;2/16/2018;2461;689.08
Breads & Buns;11/12/2018;866;121.24
Chocolates;07/10/2017;600;60
Edible Oil & Ghee;11/07/2017;1026;184.68
Cookies;8/18/2018;1360;612
Fresh Vegetables;03/01/2015;1620;648
Soft Drinks;03/01/2015;1228;466.64
Cakes;5/25/2018;1965;766.35
Noodles;02/06/2016;636;152.64
Meat;5/23/2018;1196;394.68
Fresh Vegetables;05/02/2017;589;141.36
Flour;05/02/2017;905;271.5
Soft Drinks;09/05/2017;1457;553.66
Flour;5/22/2018;898;251.44
Soft Drinks;03/03/2017;607;194.24
Spices;7/23/2018;664;292.16
Edible Oil & Ghee;07/10/2017;2482;248.2
Organic Fruits;03/06/2018;1840;478.4
Salt;11/26/2017;2184;196.56
Fresh Vegetables;11/25/2018;2134;618.86
Fresh Vegetables;01/01/2018;2193;592.11
Organic Staples;1/21/2018;1778;675.64
Edible Oil & Ghee;10/03/2015;1249;199.84
Chicken;7/30/2017;1339;535.6
Organic Staples;5/19/2018;1311;471.96
Meat;12/22/2015;1038;435.96
Fish;10/14/2015;756;143.64
Cookies;9/23/2018;705;239.7
Legumes;5/31/2017;782;187.68
Flour;05/07/2016;2241;1008.45
Cookies;11/28/2016;1390;542.1
Flour;12/27/2017;1447;231.52
Spices;12/27/2015;535;219.35
Health Drinks;10/23/2018;746;298.4
Eggs;1/30/2018;968;309.76
Cookies;12/17/2016;1457;72.85
Eggs;09/04/2018;1109;177.44
Biscuits;7/23/2017;1127;157.78
Breads & Buns;09/07/2015;774;100.62
Fresh Vegetables;03/01/2015;851;374.44
Organic Fruits;11/23/2018;784;109.76
Health Drinks;09/02/2017;2069;455.18
Noodles;06/12/2017;2023;627.13
Noodles;8/28/2018;1504;526.4
Chicken;01/07/2017;2145;943.8
Fresh Vegetables;12/22/2018;2322;673.38
Organic Fruits;12/22/2018;2293;321.02
Health Drinks;11/11/2015;1676;150.84
Organic Staples;3/13/2017;1821;400.62
Meat;07/02/2016;1830;823.5
Rice;11/24/2015;2384;858.24
Salt;07/09/2018;674;249.38
Chicken;01/01/2018;2245;606.15
Meat;11/11/2017;1748;349.6
Flour;2/16/2018;1422;142.2
Legumes;11/18/2018;1116;111.6
Health Drinks;03/05/2016;1583;364.09
Chicken;11/05/2016;1829;292.64
Rice;8/28/2018;1339;361.53
Organic Vegetables;09/08/2015;2002;540.54
Health Drinks;1/30/2016;1797;718.8
Flour;11/19/2017;1987;556.36
Eggs;05/03/2017;1260;327.6
Cookies;9/25/2016;1492;134.28
Flour;09/04/2018;2068;124.08
Organic Staples;05/12/2016;1898;474.5
Breads & Buns;12/16/2015;2469;1111.05
Noodles;6/20/2015;2372;1067.4
Soft Drinks;12/25/2018;548;65.76
Health Drinks;11/07/2015;1795;789.8
Noodles;11/22/2018;977;97.7
Noodles;03/03/2018;2396;814.64
Noodles;11/11/2015;2099;860.59
Breads & Buns;6/19/2018;1211;435.96
Salt;10/23/2016;983;206.43
Chicken;04/06/2016;2183;283.79
Organic Fruits;11/22/2017;1601;688.43
Edible Oil & Ghee;11/15/2015;2254;946.68
Meat;3/20/2016;1990;477.6
Cookies;12/09/2018;1738;677.82
Soft Drinks;11/12/2018;1185;414.75
Spices;5/27/2017;1957;763.23
Noodles;11/19/2017;1059;391.83
Organic Staples;10/14/2015;907;163.26
Organic Fruits;2/17/2015;1090;305.2
Fresh Vegetables;6/19/2018;1845;645.75
Health Drinks;6/19/2018;667;193.43
Meat;8/13/2017;1462;292.4
Fresh Fruits;05/03/2017;1212;484.8
Legumes;11/11/2015;739;88.68
Chocolates;5/23/2018;1228;319.28
Cookies;4/16/2018;1477;132.93
Noodles;10/23/2016;1435;545.3
Chicken;06/08/2016;1259;440.65
Cakes;5/25/2015;939;84.51
Legumes;10/21/2018;870;60.9
Rice;4/19/2016;791;229.39
Fresh Fruits;2/16/2015;2490;1120.5
Fresh Fruits;04/02/2016;1180;483.8
Chocolates;12/20/2015;2148;150.36
Spices;09/11/2018;1815;471.9
Cookies;02/09/2018;559;100.62
Breads & Buns;01/01/2018;2137;747.95
Biscuits;7/26/2015;1904;95.2
Cakes;05/06/2017;1587;111.09
Health Drinks;12/06/2015;549;142.74
Cakes;3/21/2017;1090;283.4
Breads & Buns;7/21/2018;843;75.87
Biscuits;5/22/2018;924;147.84
Breads & Buns;8/19/2018;2122;594.16
Organic Staples;3/20/2016;1743;784.35
Eggs;8/22/2017;742;267.12
Cakes;11/19/2017;1770;106.2
Chocolates;11/14/2017;784;141.12
Cakes;11/06/2018;2063;103.15
Fish;9/26/2017;1396;432.76
Breads & Buns;3/13/2017;515;206
Cookies;10/19/2018;1612;499.72
Meat;03/06/2017;1678;335.6
Salt;05/03/2017;1402;560.8
Chocolates;03/03/2015;1719;292.23
Cakes;09/03/2017;2304;1013.76
Meat;03/08/2016;1733;745.19
Soft Drinks;2/25/2018;2232;915.12
Salt;06/06/2015;1660;498
Flour;09/11/2017;2227;1002.15
Cakes;10/14/2015;1529;244.64
Noodles;6/22/2018;634;88.76
Cookies;9/20/2016;2211;331.65
Biscuits;09/07/2015;923;239.98
Fresh Vegetables;1/30/2017;1364;422.84
Noodles;10/23/2018;2469;987.6
Chocolates;12/25/2018;2114;507.36
Chicken;10/03/2015;1975;651.75
Organic Vegetables;2/16/2015;2003;821.23
Fresh Vegetables;11/05/2017;1899;493.74
Eggs;11/05/2017;598;245.18
Biscuits;4/21/2018;1874;356.06
Spices;4/21/2018;904;153.68
Biscuits;04/06/2016;2256;225.6
Organic Fruits;8/25/2015;1052;431.32
Rice;8/25/2015;1206;458.28
Fish;11/07/2015;1761;405.03
Cakes;02/06/2016;1392;167.04
Organic Staples;4/16/2018;758;159.18
Fresh Fruits;12/06/2015;944;217.12
Cakes;10/14/2015;1146;194.82
Biscuits;10/22/2016;2383;238.3
Salt;12/14/2015;545;168.95
Health Drinks;03/06/2017;2294;481.74
Health Drinks;1/29/2018;2120;763.2
Fresh Vegetables;10/01/2016;1915;861.75
Eggs;06/08/2018;1324;79.44
Cookies;4/19/2016;2445;391.2
Edible Oil & Ghee;8/18/2018;539;199.43
Spices;12/31/2016;2212;774.2
Cookies;04/08/2017;2143;150.01
Edible Oil & Ghee;02/09/2018;1152;149.76
Health Drinks;7/23/2017;1875;543.75
Biscuits;6/20/2015;2017;201.7
Soft Drinks;7/26/2015;1409;591.78
Soft Drinks;11/25/2018;2483;918.71
Cakes;5/23/2018;1535;245.6
Edible Oil & Ghee;4/24/2018;1038;145.32
Cookies;7/20/2016;1400;70
Noodles;09/07/2015;1033;237.59
Salt;2/21/2015;1896;815.28
Breads & Buns;12/25/2018;1290;399.9
Breads & Buns;8/18/2018;2092;167.36
Fresh Vegetables;10/07/2018;1715;343
Fish;11/19/2017;1205;325.35
Soft Drinks;12/22/2018;1054;463.76
Meat;11/11/2015;2068;558.36
Cookies;01/01/2018;1370;315.1
Cakes;7/26/2015;1159;289.75
Noodles;9/23/2018;2496;324.48
Salt;12/22/2015;658;131.6
Health Drinks;04/06/2016;1038;155.7
Fresh Vegetables;11/08/2016;1784;214.08
Cookies;11/22/2017;797;294.89
Cookies;11/22/2017;1853;685.61
Cakes;12/10/2016;1467;249.39
Fresh Fruits;3/31/2015;862;112.06
Organic Fruits;12/06/2016;2115;423
Chicken;01/07/2015;1936;96.8
Organic Staples;10/13/2017;2315;231.5
Flour;5/21/2016;582;192.06
Chocolates;04/07/2016;780;319.8
Health Drinks;7/26/2015;2392;287.04
Cakes;12/25/2018;1854;593.28
Soft Drinks;11/07/2016;554;216.06
Flour;01/01/2018;2332;839.52
Salt;5/23/2015;573;143.25
Noodles;9/25/2016;2049;881.07
Spices;07/02/2015;929;362.31
Chocolates;11/14/2017;1641;525.12
Cookies;4/22/2017;1186;320.22
Breads & Buns;09/12/2016;1196;83.72
Fresh Fruits;9/24/2016;949;398.58
Noodles;1/19/2018;1286;282.92
Organic Vegetables;09/12/2016;2466;986.4
Rice;12/09/2017;1422;184.86
Chocolates;2/25/2016;1756;456.56
Health Drinks;4/29/2018;705;63.45
Fish;12/03/2018;2332;303.16
Organic Fruits;2/28/2018;1311;301.53
Spices;8/26/2015;599;185.69
Meat;10/06/2018;2491;323.83
Eggs;12/06/2016;2190;547.5
Noodles;9/30/2015;688;165.12
Biscuits;12/02/2017;1571;691.24
Organic Staples;03/01/2017;2439;1024.38
Meat;1/19/2018;1935;387
Organic Vegetables;5/28/2016;2223;889.2
Legumes;11/13/2018;735;154.35
Flour;11/11/2018;1625;682.5
Chicken;11/11/2017;601;54.09
Health Drinks;12/14/2017;2070;455.4
Chocolates;08/11/2015;1453;72.65
Fish;8/15/2018;1966;334.22
Edible Oil & Ghee;11/19/2017;1647;559.98
Organic Vegetables;7/17/2017;651;169.26
Rice;4/23/2018;2016;403.2
Noodles;1/20/2018;531;169.92
Fish;06/05/2017;1712;291.04
Fresh Vegetables;02/06/2016;2332;862.84
Organic Vegetables;3/17/2017;1042;302.18
Cookies;6/21/2015;2073;124.38
Salt;09/12/2016;1614;161.4
Biscuits;08/07/2018;774;92.88
Fresh Vegetables;12/18/2018;759;174.57
Organic Staples;04/07/2017;2327;488.67
Cookies;09/10/2016;1157;451.23
Spices;09/02/2017;1950;546
Chicken;4/19/2017;2044;838.04
Health Drinks;4/19/2017;1379;579.18
Spices;9/25/2016;2115;507.6
Biscuits;2/28/2018;2172;825.36
Biscuits;06/08/2018;1797;179.7
Biscuits;11/14/2016;2306;368.96
Organic Vegetables;5/26/2017;1185;154.05
Noodles;2/21/2016;2132;895.44
Edible Oil & Ghee;9/25/2016;1655;678.55
Organic Fruits;12/11/2018;1868;747.2
Meat;11/12/2016;670;301.5
Meat;11/24/2018;1311;419.52
Soft Drinks;6/23/2017;1661;548.13
Health Drinks;11/27/2015;1784;142.72
Breads & Buns;9/20/2018;1851;296.16
Health Drinks;09/12/2016;2126;127.56
Fresh Vegetables;11/29/2015;2139;513.36
Biscuits;12/14/2017;1932;425.04
Organic Fruits;1/29/2018;526;115.72
Breads & Buns;9/25/2016;2194;460.74
Chocolates;3/20/2018;2245;336.75
Cakes;5/26/2017;822;287.7
Edible Oil & Ghee;1/15/2018;1504;210.56
Edible Oil & Ghee;3/29/2017;656;229.6
Eggs;03/08/2017;1436;86.16
Flour;12/14/2017;2011;864.73
Soft Drinks;10/09/2018;1805;595.65
Noodles;9/14/2018;1322;132.2
Rice;9/14/2018;1627;97.62
Biscuits;5/25/2015;1127;191.59
Fresh Fruits;11/24/2018;1310;65.5
Fresh Fruits;2/16/2018;1917;364.23
Edible Oil & Ghee;11/21/2017;2071;807.69
Flour;9/17/2016;594;249.48
Organic Staples;9/20/2018;1212;84.84
Legumes;12/10/2017;647;232.92
Chocolates;06/05/2017;2479;520.59
Chicken;09/12/2016;2257;586.82
Chocolates;12/17/2018;1898;740.22
Fresh Fruits;02/02/2017;1275;63.75
Organic Staples;10/27/2017;2011;321.76
Meat;5/14/2018;1194;394.02
Health Drinks;03/01/2017;1321;541.61
Edible Oil & Ghee;5/23/2015;2238;223.8
Organic Staples;4/19/2017;663;99.45
Meat;12/29/2016;961;345.96
Fish;04/09/2016;1315;249.85
Noodles;06/12/2017;1798;143.84
Eggs;11/01/2015;870;330.6
Spices;12/30/2015;1805;342.95
Flour;02/04/2018;738;36.9
Spices;1/19/2018;853;145.01
Fresh Fruits;4/27/2016;2307;715.17
Cookies;12/12/2016;1036;207.2
Spices;2/13/2018;2102;903.86
Salt;05/07/2015;1195;454.1
Rice;5/28/2016;1154;473.14
Fish;6/30/2015;916;210.68
Organic Fruits;9/13/2015;1260;352.8
Fresh Vegetables;11/27/2016;1300;182
Chocolates;4/17/2016;2141;813.58
Fresh Fruits;06/12/2018;1749;472.23
Soft Drinks;11/20/2017;949;398.58
Salt;7/15/2018;773;185.52
Organic Staples;07/09/2016;1947;778.8
Legumes;3/13/2018;651;253.89
Soft Drinks;05/07/2015;815;293.4
Edible Oil & Ghee;3/14/2016;612;55.08
Edible Oil & Ghee;6/24/2018;793;285.48
Chocolates;9/29/2018;664;219.12
Breads & Buns;9/26/2016;1216;182.4
Salt;6/16/2017;1288;90.16
Soft Drinks;06/05/2017;1180;377.6
Fish;07/09/2016;1565;203.45
Legumes;10/28/2018;1701;714.42
Organic Staples;05/07/2017;1357;108.56
Soft Drinks;03/07/2018;1611;338.31
Chocolates;03/03/2017;508;147.32
Fresh Fruits;8/26/2015;1480;133.2
Cakes;5/26/2017;587;129.14
Breads & Buns;5/24/2015;1505;617.05
Salt;8/19/2018;903;144.48
Organic Fruits;11/22/2016;587;111.53
Breads & Buns;10/06/2018;1461;116.88
Flour;12/21/2018;614;165.78
Cookies;06/12/2017;815;130.4
Salt;11/01/2015;798;311.22
Organic Staples;6/23/2017;2408;192.64
Soft Drinks;9/15/2015;1941;834.63
Biscuits;11/08/2016;912;91.2
Breads & Buns;11/20/2016;1818;509.04
Spices;05/08/2016;2161;626.69
Chicken;12/11/2018;500;45
Cakes;8/30/2015;2131;106.55
Legumes;9/17/2018;1341;321.84
Spices;04/09/2016;2367;497.07
Spices;6/26/2018;1712;222.56
Biscuits;5/28/2016;849;101.88
Cookies;11/03/2015;588;141.12
Biscuits;2/13/2018;1634;147.06
Biscuits;09/01/2017;2433;1046.19
Organic Staples;05/08/2016;1770;708
Eggs;5/22/2017;2084;416.8
Soft Drinks;7/21/2018;1904;247.52
Cakes;06/04/2015;2122;827.58
Noodles;07/09/2016;1322;568.46
Eggs;6/16/2015;2126;786.62
Spices;04/01/2017;2386;1073.7
Chicken;9/22/2015;1109;354.88
Health Drinks;11/30/2015;1749;244.86
Spices;1/15/2017;701;154.22
Cakes;07/09/2016;1782;392.04
Biscuits;2/15/2017;523;203.97
Breads & Buns;12/09/2017;1800;108
Organic Staples;3/14/2016;1974;789.6
Health Drinks;6/23/2017;2376;475.2
Chicken;09/12/2016;1291;271.11
Organic Staples;2/25/2016;1900;855
Flour;10/02/2018;601;258.43
Soft Drinks;07/11/2015;1580;189.6
Fish;6/29/2016;671;46.97
Soft Drinks;09/05/2017;1556;389
Spices;11/01/2016;1220;500.2
Edible Oil & Ghee;3/29/2016;1397;544.83
Noodles;06/12/2018;1343;523.77
Biscuits;1/19/2018;1015;294.35
Organic Staples;07/09/2018;584;256.96
Health Drinks;5/16/2017;1650;676.5
Biscuits;4/19/2017;1289;270.69
Eggs;9/17/2016;1618;113.26
Rice;9/20/2018;1504;180.48
Soft Drinks;5/17/2016;2376;261.36
Flour;09/04/2017;939;122.07
Soft Drinks;08/06/2018;1089;196.02
Meat;5/19/2017;1832;751.12
Fish;9/20/2017;1105;453.05
Eggs;11/08/2016;917;45.85
Edible Oil & Ghee;3/30/2015;735;271.95
Flour;3/25/2018;2175;326.25
Flour;8/30/2015;2444;219.96
Organic Fruits;12/11/2018;876;61.32
Health Drinks;6/16/2015;2083;437.43
Organic Vegetables;10/12/2018;1200;540
Health Drinks;5/28/2016;526;168.32
Noodles;6/23/2017;1137;341.1
Organic Vegetables;07/09/2018;1410;70.5
Noodles;11/14/2017;877;149.09
Chocolates;05/12/2018;2031;345.27
Cookies;09/12/2016;952;218.96
Health Drinks;11/19/2017;1584;269.28
Health Drinks;9/29/2018;1694;575.96
Breads & Buns;9/19/2018;1171;210.78
Spices;3/24/2015;2053;143.71
Spices;5/28/2016;1768;159.12
Meat;06/12/2016;1113;200.34
Organic Fruits;6/23/2017;881;237.87
Chicken;5/19/2017;708;254.88
Biscuits;9/17/2016;2234;714.88
Edible Oil & Ghee;6/26/2017;1763;264.45
Edible Oil & Ghee;12/21/2018;2036;834.76
Fish;4/19/2017;2457;466.83
Cakes;07/09/2018;2031;264.03
Flour;11/30/2018;1998;319.68
Salt;12/18/2018;602;252.84
Fish;07/09/2016;2301;667.29
Fresh Fruits;5/22/2017;856;299.6
Spices;12/14/2017;2298;528.54
Edible Oil & Ghee;12/21/2015;1134;498.96
Noodles;11/17/2018;1771;531.3
Meat;3/23/2018;1561;156.1
Flour;06/08/2015;1593;334.53
Eggs;12/26/2015;570;62.7
Noodles;9/14/2016;1354;189.56
Fresh Vegetables;11/07/2018;1601;640.4
Noodles;12/11/2018;1799;161.91
Chicken;03/03/2017;660;184.8
Organic Vegetables;10/27/2017;748;291.72
Organic Vegetables;11/02/2015;1404;336.96
Cookies;9/17/2016;907;299.31
Salt;11/13/2016;667;173.42
Soft Drinks;12/06/2016;806;88.66
Salt;11/30/2016;576;230.4
Biscuits;5/28/2016;1353;595.32
Rice;07/09/2016;1775;514.75
Organic Staples;6/30/2018;2480;818.4
Breads & Buns;6/23/2017;1930;559.7
Fresh Vegetables;4/23/2018;1288;386.4
Flour;04/01/2017;686;171.5
Flour;08/06/2017;2301;437.19
Breads & Buns;11/24/2018;799;247.69
Organic Fruits;4/22/2017;1173;164.22
Noodles;07/09/2016;2469;962.91
Edible Oil & Ghee;11/06/2018;719;294.79
Meat;04/01/2018;2153;452.13
Organic Vegetables;1/15/2017;919;385.98
Cakes;9/20/2018;1394;627.3
Salt;08/07/2018;2464;221.76
Chocolates;5/17/2016;2174;826.12
Rice;12/18/2018;1958;489.5
Rice;9/25/2017;2103;946.35
Biscuits;12/14/2015;1050;252
Organic Staples;04/01/2017;836;108.68
Flour;11/10/2017;1960;764.4
Salt;6/30/2015;2484;819.72
Chocolates;1/28/2015;636;216.24
Fish;5/18/2018;1823;492.21
Noodles;12/11/2018;2227;178.16
Edible Oil & Ghee;9/22/2015;2136;469.92
Organic Staples;05/09/2017;1390;208.5
Health Drinks;7/25/2018;1776;621.6
Health Drinks;5/14/2018;513;97.47
Fresh Vegetables;07/12/2018;1486;653.84
Flour;3/28/2016;2428;631.28
Rice;11/18/2015;1319;171.47
Organic Fruits;12/18/2018;1716;652.08
Spices;11/12/2017;906;371.46
Eggs;6/21/2015;741;74.1
Cookies;03/01/2016;876;175.2
Health Drinks;12/26/2015;2253;743.49
Meat;12/26/2015;1957;117.42
Cookies;05/03/2016;1720;326.8
Meat;8/19/2015;639;89.46
Organic Staples;6/20/2018;2375;380
Cakes;7/22/2017;1405;365.3
Rice;7/14/2015;833;324.87
Fresh Vegetables;05/03/2016;1265;366.85
Fresh Fruits;9/14/2017;1031;175.27
Spices;06/08/2015;2375;498.75
Biscuits;7/18/2015;1741;295.97
Eggs;12/03/2018;796;294.52
Soft Drinks;09/01/2015;2041;326.56
Breads & Buns;11/03/2015;2101;399.19
Salt;11/03/2015;688;123.84
Health Drinks;10/27/2017;2162;475.64
Organic Vegetables;03/08/2017;963;327.42
Organic Staples;4/30/2017;1558;358.34
Health Drinks;12/14/2017;2080;852.8
Cookies;04/04/2017;902;135.3
Soft Drinks;11/14/2018;551;82.65
Eggs;11/19/2016;533;154.57
Fresh Fruits;4/19/2017;1320;541.2
Spices;12/22/2017;2324;999.32
Soft Drinks;5/28/2016;894;330.78
Eggs;6/22/2016;2027;445.94
Spices;6/16/2016;1159;208.62
Chocolates;11/28/2016;1988;675.92
Fresh Vegetables;03/08/2017;1616;581.76
Chocolates;05/12/2018;1494;134.46
Fresh Fruits;5/14/2018;2337;560.88
Rice;12/30/2017;2377;641.79
Health Drinks;11/29/2015;2439;975.6
Edible Oil & Ghee;4/30/2018;836;250.8
Noodles;7/14/2018;1839;239.07
Organic Staples;5/23/2017;1099;208.81
Health Drinks;05/03/2016;1113;333.9
Flour;11/17/2015;823;98.76
Organic Staples;09/05/2015;1608;369.84
Cookies;02/03/2018;1689;202.68
Organic Fruits;9/25/2017;2031;385.89
Fresh Fruits;04/11/2018;774;317.34
Eggs;10/11/2015;747;52.29
Biscuits;10/30/2018;1489;134.01
Breads & Buns;12/30/2017;1331;399.3
Eggs;7/18/2018;799;119.85
Noodles;04/07/2017;1361;340.25
Spices;2/14/2016;504;55.44
Cookies;09/05/2017;707;289.87
Biscuits;9/22/2017;2007;863.01
Fish;01/05/2015;878;149.26
Chocolates;12/04/2017;1034;237.82
Biscuits;11/17/2015;1482;666.9
Eggs;6/16/2015;2346;563.04
Organic Staples;12/17/2018;832;41.6
Spices;2/15/2017;2471;271.81
Edible Oil & Ghee;5/31/2017;2112;950.4
Legumes;1/15/2017;1706;528.86
Fresh Vegetables;12/24/2018;2174;391.32
Rice;4/14/2018;2282;296.66
Biscuits;10/09/2018;996;249
Cookies;12/02/2017;2187;196.83
Organic Staples;12/02/2017;1262;492.18
Soft Drinks;6/29/2015;870;95.7
Chocolates;06/12/2018;1588;285.84
Meat;9/20/2018;618;265.74
Noodles;5/15/2017;672;275.52
Chocolates;12/24/2018;2229;445.8
Biscuits;05/03/2015;994;347.9
Rice;05/03/2015;558;172.98
Organic Staples;10/11/2015;1736;590.24
Organic Vegetables;09/07/2018;797;191.28
Noodles;12/09/2015;865;138.4
Organic Fruits;12/18/2018;1415;283
Chocolates;3/28/2016;1803;613.02
Cakes;09/07/2018;1809;687.42
Biscuits;12/26/2015;2484;943.92
Organic Staples;11/06/2018;2431;704.99
Chocolates;9/25/2017;737;316.91
Organic Fruits;11/20/2016;703;161.69
Fish;04/07/2017;2282;958.44
Health Drinks;06/01/2018;972;408.24
Spices;07/05/2016;1495;508.3
Meat;05/03/2016;529;100.51
Eggs;10/21/2018;1198;275.54
Salt;11/03/2015;1431;372.06
Biscuits;12/03/2017;747;74.7
Chocolates;04/10/2018;2481;669.87
Noodles;1/22/2017;624;56.16
Fresh Vegetables;5/19/2017;2444;855.4
Biscuits;5/30/2015;704;246.4
Breads & Buns;6/21/2015;2011;884.84
Soft Drinks;12/01/2018;774;216.72
Eggs;06/12/2016;1235;86.45
Flour;10/30/2018;2267;476.07
Eggs;12/26/2015;1039;467.55
Fish;04/05/2017;695;180.7
Fresh Vegetables;5/30/2017;1403;224.48
Noodles;09/09/2018;2344;773.52
Spices;7/14/2018;2212;265.44
Organic Vegetables;05/09/2017;629;31.45
Fish;12/03/2018;1820;819
Fresh Fruits;3/29/2017;1682;302.76
Salt;6/21/2017;1640;557.6
Cookies;09/04/2017;1480;355.2
Breads & Buns;07/11/2015;1653;380.19
Chocolates;5/23/2015;1811;814.95
Organic Fruits;9/17/2017;1720;653.6
Salt;12/10/2017;1359;326.16
Cookies;09/07/2018;804;40.2
Breads & Buns;10/26/2018;1984;674.56
Breads & Buns;12/18/2018;532;143.64
Fish;7/14/2018;2208;684.48
Meat;10/06/2015;1049;94.41
Spices;6/21/2017;753;128.01
Fresh Vegetables;10/09/2018;1963;569.27
Organic Staples;8/21/2018;1645;493.5
Soft Drinks;03/07/2018;2058;905.52
Biscuits;11/12/2017;1828;511.84
Cakes;6/20/2018;1193;345.97
Soft Drinks;11/10/2016;2033;182.97
Fresh Vegetables;11/05/2015;1779;355.8
Salt;05/03/2016;2399;479.8
Salt;2/28/2017;1547;247.52
Cakes;05/07/2017;2130;255.6
Organic Vegetables;3/29/2017;981;441.45
Cakes;6/30/2015;2091;418.2
Breads & Buns;12/30/2015;1031;309.3
Flour;8/21/2018;1405;210.75
Spices;11/30/2016;1340;589.6
Salt;1/13/2015;1767;406.41
Organic Staples;7/14/2018;1576;520.08
Eggs;8/16/2016;1508;361.92
Soft Drinks;9/14/2016;902;252.56
Noodles;9/26/2016;1251;112.59
Chocolates;2/14/2016;1330;385.7
Salt;08/07/2016;858;291.72
Organic Staples;11/08/2016;1713;102.78
Cookies;4/17/2016;1284;487.92
Organic Fruits;12/25/2018;702;210.6
Salt;12/25/2018;932;214.36
Meat;05/04/2018;1606;385.44
Biscuits;5/23/2017;533;122.59
Edible Oil & Ghee;9/13/2016;1893;227.16
Chicken;11/18/2015;1849;517.72
Organic Vegetables;2/14/2016;1957;821.94
Eggs;2/14/2016;1944;563.76
Chocolates;11/25/2017;1898;170.82
Organic Vegetables;09/05/2017;2122;679.04
Cakes;1/13/2015;1073;128.76
Chicken;11/22/2016;1539;200.07
Spices;6/21/2015;1331;598.95
Edible Oil & Ghee;9/21/2018;1986;675.24
Fish;11/05/2015;1833;403.26
Biscuits;12/23/2017;2172;282.36
Noodles;02/03/2018;1327;199.05
Cookies;12/18/2018;2301;989.43
Breads & Buns;8/18/2018;2116;359.72
Breads & Buns;11/02/2015;887;177.4
Chicken;12/11/2016;1020;428.4
Health Drinks;10/25/2015;1131;429.78
Spices;12/04/2018;2465;369.75
Cookies;10/26/2018;745;327.8
Spices;11/30/2016;1588;254.08
Cookies;01/09/2018;1204;337.12
Edible Oil & Ghee;11/18/2015;1546;278.28
Cookies;11/03/2018;1232;184.8
Meat;12/17/2015;1058;105.8
Cookies;03/02/2018;2311;623.97
Biscuits;2/24/2018;605;139.15
Cakes;12/03/2017;997;329.01
Rice;12/02/2018;1257;389.67
Fresh Vegetables;5/14/2018;1882;809.26
Cookies;4/16/2018;1138;284.5
Edible Oil & Ghee;3/30/2018;1339;482.04
Cookies;09/05/2017;2056;801.84
Salt;09/05/2017;2435;511.35
Chocolates;11/19/2018;1245;485.55
Health Drinks;09/12/2015;727;36.35
Salt;12/09/2018;2082;541.32
Biscuits;12/01/2018;1212;133.32
Noodles;04/03/2017;2143;728.62
Eggs;9/21/2018;2200;660
Meat;12/10/2016;1175;223.25
Soft Drinks;09/10/2018;2475;198
Rice;2/16/2017;1815;254.1
Soft Drinks;7/19/2017;1794;358.8
Legumes;09/11/2017;1484;445.2
Organic Fruits;12/27/2017;1825;273.75
Edible Oil & Ghee;05/04/2018;1576;267.92
Chocolates;04/12/2017;1254;163.02
Flour;7/25/2017;649;64.9
Cookies;05/04/2018;1203;541.35
Organic Staples;11/17/2018;1493;522.55
Noodles;06/02/2015;1065;170.4
Edible Oil & Ghee;01/09/2016;584;169.36
Chicken;06/11/2016;1594;350.68
Breads & Buns;07/02/2017;2355;682.95
Rice;11/02/2018;1327;305.21
Organic Vegetables;09/02/2015;2256;564
Biscuits;9/14/2015;787;94.44
Spices;11/19/2018;2116;719.44
Spices;7/19/2017;2493;149.58
Fish;9/21/2016;924;157.08
Breads & Buns;6/18/2016;1346;255.74
Organic Vegetables;6/18/2016;2352;117.6
Chicken;02/11/2015;1337;601.65
Rice;09/04/2016;620;272.8
Noodles;9/21/2016;1412;564.8
Flour;09/05/2017;1040;291.2
Cookies;9/18/2017;1987;894.15
Organic Staples;06/04/2018;972;174.96
Health Drinks;10/20/2018;2302;322.28
Soft Drinks;8/23/2016;604;211.4
Eggs;09/04/2016;1200;180
Health Drinks;9/22/2018;2017;383.23
Fresh Vegetables;05/07/2016;852;213
Edible Oil & Ghee;06/02/2015;1574;440.72
Fresh Vegetables;9/21/2016;622;267.46
Health Drinks;6/18/2016;1972;493
Salt;9/19/2017;894;348.66
Edible Oil & Ghee;7/21/2018;926;166.68
Soft Drinks;8/23/2016;1531;137.79
Legumes;8/23/2016;1332;439.56
Health Drinks;01/09/2016;2493;772.83
Biscuits;12/20/2016;678;54.24
Fresh Fruits;11/28/2015;644;135.24
Cakes;1/20/2015;2350;799
Spices;4/16/2017;1260;415.8
Organic Fruits;9/22/2018;1315;499.7
Breads & Buns;09/04/2017;1426;399.28
Cookies;9/29/2017;1798;323.64
Fresh Vegetables;8/13/2016;1995;778.05
Edible Oil & Ghee;09/02/2018;1116;479.88
Chocolates;4/21/2016;1625;422.5
Chocolates;05/09/2016;682;88.66
Cookies;7/21/2018;1544;663.92
Cakes;1/20/2015;767;84.37
Organic Vegetables;1/24/2018;703;49.21
Organic Staples;04/02/2018;634;50.72
Organic Vegetables;8/23/2016;1330;106.4
Meat;12/25/2017;1361;258.59
Health Drinks;04/02/2015;1517;364.08
Chocolates;01/09/2016;860;189.2
Flour;07/04/2015;2284;114.2
Spices;4/22/2018;1082;313.78
Noodles;12/17/2018;1842;331.56
Fish;12/07/2018;1824;91.2
Biscuits;4/18/2017;2114;528.5
Biscuits;10/20/2018;568;176.08
Health Drinks;04/08/2017;942;405.06
Cakes;9/16/2016;717;258.12
Fresh Vegetables;10/24/2018;569;51.21
Flour;12/12/2017;2441;1000.81
Organic Fruits;12/10/2016;1956;136.92
Soft Drinks;9/21/2016;2429;437.22
Breads & Buns;06/09/2018;2102;672.64
Soft Drinks;12/07/2015;540;32.4
Spices;9/18/2017;2063;309.45
Meat;09/04/2017;1540;107.8
Biscuits;7/19/2017;1050;157.5
Fresh Vegetables;05/04/2018;1411;465.63
Spices;04/02/2015;1776;515.04
Eggs;03/03/2018;1495;508.3
Meat;09/11/2018;770;207.9
Organic Vegetables;10/20/2018;1024;358.4
Salt;7/14/2017;2341;163.87
Rice;10/16/2018;1613;645.2
Noodles;07/04/2015;1071;428.4
Biscuits;04/12/2017;2140;171.2
Spices;09/04/2017;1111;388.85
Chocolates;8/23/2016;2291;206.19
Cakes;8/23/2016;1500;645
Soft Drinks;09/04/2016;2184;524.16
Edible Oil & Ghee;01/09/2016;1825;419.75
Fish;06/11/2016;1517;621.97
Meat;7/25/2017;577;201.95
Legumes;9/27/2016;1944;583.2
Noodles;11/14/2015;789;205.14
Meat;05/04/2018;1169;526.05
Chicken;6/20/2018;1044;459.36
Health Drinks;6/27/2015;2179;784.44
Meat;9/25/2018;992;317.44
Chocolates;7/21/2018;1099;230.79
Organic Staples;7/21/2018;2208;287.04
Edible Oil & Ghee;09/04/2017;861;103.32
Chocolates;11/06/2015;2196;834.48
Health Drinks;7/19/2017;814;154.66
Soft Drinks;1/20/2015;1768;353.6
Spices;11/10/2017;2280;319.2
Organic Vegetables;2/14/2017;2192;241.12
Fresh Vegetables;6/13/2018;2091;836.4
Biscuits;06/11/2016;1342;442.86
Eggs;10/26/2018;1720;516
Organic Vegetables;11/19/2018;2074;414.8
Meat;9/13/2016;1665;715.95
Organic Staples;5/19/2018;1273;521.93
Spices;11/25/2017;798;287.28
Organic Vegetables;9/21/2016;2203;572.78
Cakes;9/21/2016;1777;586.41
Cookies;9/29/2017;2173;782.28
Organic Vegetables;12/25/2017;772;331.96
Biscuits;03/12/2018;2031;162.48
Soft Drinks;02/03/2016;1080;140.4
Cakes;5/14/2018;504;131.04
Organic Vegetables;09/08/2015;1784;214.08
Edible Oil & Ghee;7/26/2015;934;149.44
Noodles;11/27/2018;2447;831.98
Meat;4/26/2016;2350;987
Health Drinks;04/11/2018;2294;734.08
Organic Fruits;12/02/2018;1359;312.57
Breads & Buns;9/18/2017;639;70.29
Chocolates;11/18/2018;1905;685.8
Rice;10/14/2017;798;359.1
Organic Fruits;9/17/2015;2422;1041.46
Meat;8/27/2018;1733;433.25
Eggs;11/18/2018;585;134.55
Flour;06/03/2018;1835;697.3
Eggs;11/15/2015;1727;777.15
Salt;11/03/2018;1047;397.86
Cookies;12/03/2016;1916;421.52
Meat;12/01/2017;1433;286.6
Organic Fruits;5/29/2017;623;261.66
Organic Fruits;12/21/2016;791;284.76
Noodles;9/22/2017;1592;382.08
Organic Staples;03/12/2016;1871;243.23
Cookies;11/04/2018;932;55.92
Legumes;09/04/2018;1839;183.9
Fresh Vegetables;06/06/2015;959;57.54
Health Drinks;11/03/2018;713;49.91
Fresh Fruits;1/14/2017;1260;264.6
Organic Vegetables;12/06/2015;1633;195.96
Breads & Buns;2/20/2017;1060;95.4
Biscuits;11/03/2015;1259;302.16
Noodles;12/25/2016;666;66.6
Salt;11/20/2016;1808;397.76
Spices;11/03/2015;2236;491.92
Breads & Buns;09/09/2018;1809;452.25
Soft Drinks;05/01/2018;2169;108.45
Edible Oil & Ghee;10/14/2017;630;100.8
Eggs;12/03/2018;1580;395
Soft Drinks;4/28/2018;1870;243.1
Spices;12/31/2017;1474;530.64
Organic Staples;03/04/2015;1450;420.5
Soft Drinks;01/08/2017;1693;474.04
Breads & Buns;11/15/2015;2344;890.72
Chocolates;07/09/2016;2144;793.28
Chocolates;12/11/2017;1846;738.4
Fresh Vegetables;12/12/2015;771;316.11
Soft Drinks;09/06/2017;1510;543.6
Meat;1/14/2018;636;101.76
Edible Oil & Ghee;7/21/2017;1280;499.2
Organic Fruits;9/30/2015;1233;172.62
Biscuits;10/03/2018;635;241.3
Meat;07/02/2016;2310;831.6
Fresh Vegetables;07/02/2016;2427;1067.88
Organic Vegetables;3/19/2016;1834;128.38
Eggs;06/03/2018;1476;501.84
Fish;02/03/2018;2233;491.26
Breads & Buns;11/13/2016;2265;249.15
Breads & Buns;04/06/2016;1497;359.28
Rice;10/14/2017;890;133.5
Edible Oil & Ghee;09/08/2017;979;195.8
Flour;09/05/2018;1887;566.1
Edible Oil & Ghee;12/23/2018;2325;465
Edible Oil & Ghee;12/22/2018;2142;342.72
Rice;09/09/2018;2217;288.21
Cookies;11/05/2016;571;251.24
Cakes;1/22/2017;2490;473.1
Soft Drinks;3/21/2016;899;143.84
Noodles;09/02/2017;882;273.42
Organic Staples;10/14/2017;609;249.69
Eggs;12/25/2016;1175;493.5
Organic Vegetables;08/12/2018;2238;537.12
Noodles;12/30/2017;2213;553.25
Meat;12/03/2018;1936;851.84
Cookies;09/09/2018;1293;168.09
Fresh Fruits;11/15/2015;1647;625.86
Soft Drinks;9/20/2016;893;392.92
Organic Fruits;10/03/2018;2013;845.46
Flour;12/22/2018;1188;522.72
Chocolates;11/27/2018;923;415.35
Eggs;9/13/2018;652;52.16
Meat;11/25/2016;1994;777.66
Eggs;09/05/2018;724;202.72
Salt;8/13/2018;2486;248.6
Health Drinks;8/13/2018;2415;917.7
Organic Staples;3/21/2015;2362;307.06
Cakes;12/31/2017;1035;196.65
Meat;11/12/2018;508;101.6
Chocolates;12/20/2015;681;286.02
Organic Staples;9/15/2018;1413;494.55
Soft Drinks;10/08/2017;1888;774.08
Biscuits;7/29/2017;1452;304.92
Flour;9/29/2018;1938;639.54
Fish;9/30/2015;734;44.04
Organic Vegetables;11/22/2016;2377;974.57
Salt;10/10/2016;2328;675.12
Eggs;9/19/2015;1452;217.8
Chocolates;11/13/2016;679;244.44
Meat;06/03/2018;1559;249.44
Meat;12/20/2015;2088;375.84
Fish;8/13/2018;2298;873.24
Breads & Buns;12/23/2018;1736;295.12
Cakes;12/22/2018;758;234.98
Biscuits;11/17/2018;584;52.56
Biscuits;1/14/2018;1707;734.01
Organic Staples;4/16/2017;790;71.1
Legumes;11/13/2017;1095;153.3
Breads & Buns;10/09/2016;1919;230.28
Fresh Vegetables;04/11/2018;1149;68.94
Cookies;1/17/2016;1533;76.65
Health Drinks;09/02/2017;1970;137.9
Eggs;11/03/2015;2092;188.28
Flour;3/21/2016;1964;255.32
Fresh Vegetables;06/06/2015;2327;814.45
Cakes;9/21/2018;1179;389.07
Soft Drinks;12/11/2016;2281;433.39
Rice;10/09/2016;2053;225.83
Organic Fruits;10/09/2016;2463;862.05
Salt;11/03/2018;761;197.86
Chocolates;02/03/2018;2183;109.15
Fish;5/20/2017;1988;258.44
Organic Vegetables;02/02/2015;525;52.5
Noodles;09/06/2017;915;155.55
Soft Drinks;11/04/2018;1875;412.5
Cookies;1/14/2018;770;300.3
Rice;11/22/2016;1931;386.2
Cookies;06/09/2016;1023;214.83
Cakes;01/07/2018;1654;330.8
Biscuits;06/03/2018;1107;265.68
Meat;12/04/2016;1179;436.23
Fresh Vegetables;7/29/2017;1386;277.2
Cookies;3/21/2016;624;274.56
Fish;5/29/2017;2224;934.08
Health Drinks;11/20/2016;665;146.3
Organic Staples;3/22/2015;2173;934.39
Noodles;06/11/2018;1430;143
Edible Oil & Ghee;9/13/2016;1513;453.9
Organic Fruits;5/20/2016;980;186.2
Noodles;06/09/2016;2264;520.72
Health Drinks;11/20/2016;1074;289.98
Spices;10/28/2017;1754;561.28
Legumes;09/02/2017;1817;763.14
Biscuits;3/22/2015;2264;950.88
Fresh Fruits;12/03/2016;1196;382.72
Eggs;1/14/2018;1640;114.8
Fresh Fruits;11/13/2016;1960;235.2
Edible Oil & Ghee;12/03/2018;601;30.05
Soft Drinks;8/13/2018;1094;65.64
Organic Vegetables;9/20/2016;642;166.92
Cakes;09/02/2017;1806;505.68
Soft Drinks;11/03/2015;585;210.6
Cakes;01/08/2017;1261;75.66
Cookies;9/22/2017;1783;499.24
Organic Staples;11/11/2018;979;58.74
Health Drinks;05/12/2017;1091;349.12
Breads & Buns;6/15/2018;850;161.5
Cakes;08/11/2015;2482;843.88
Spices;10/11/2015;606;30.3
Health Drinks;12/06/2017;663;99.45
Flour;9/25/2017;2470;123.5
Organic Fruits;8/27/2016;1024;430.08
Rice;08/09/2015;1423;270.37
Cakes;6/19/2016;1939;814.38
Biscuits;9/29/2015;569;147.94
Soft Drinks;12/04/2017;2043;592.47
Organic Vegetables;12/06/2016;941;329.35
Fresh Vegetables;12/28/2018;2315;972.3
Chicken;9/29/2015;2499;324.87
Noodles;12/29/2017;2461;1058.23
Biscuits;1/27/2015;2370;971.7
Cookies;11/25/2018;1657;364.54
Health Drinks;3/14/2015;1146;320.88
Soft Drinks;06/10/2018;1790;626.5
Soft Drinks;1/29/2018;783;281.88
Organic Staples;5/28/2017;960;192
Eggs;12/27/2016;1243;372.9
Organic Fruits;11/26/2017;2471;395.36
Legumes;11/03/2017;2171;933.53
Salt;12/06/2016;601;114.19
Noodles;3/31/2015;1055;369.25
Cakes;9/23/2018;1312;157.44
Eggs;9/15/2018;1268;152.16
Organic Vegetables;03/08/2018;1320;92.4
Rice;9/25/2017;2050;348.5
Fresh Vegetables;6/25/2016;1329;106.32
Organic Staples;11/06/2018;1822;255.08
Legumes;6/18/2016;1014;395.46
Health Drinks;3/25/2015;2137;683.84
Eggs;3/25/2015;1951;312.16
Organic Staples;4/17/2016;2173;804.01
Cookies;08/05/2015;1558;233.7
Breads & Buns;11/25/2018;771;246.72
Chocolates;09/08/2017;2472;1062.96
Cookies;07/07/2017;874;305.9
Eggs;09/08/2015;786;157.2
Edible Oil & Ghee;9/25/2016;658;65.8
Flour;11/06/2018;1797;125.79
Health Drinks;9/21/2015;1887;434.01
Cakes;7/26/2016;563;50.67
Spices;05/05/2018;2302;644.56
Eggs;4/18/2015;2389;812.26
Cookies;10/30/2017;618;210.12
Breads & Buns;08/11/2015;2301;138.06
Health Drinks;9/25/2017;958;373.62
Chicken;2/18/2016;1044;281.88
Edible Oil & Ghee;4/17/2018;744;74.4
Legumes;5/22/2016;1989;676.26
Health Drinks;3/19/2016;562;241.66
Chocolates;04/01/2018;603;108.54
Rice;12/10/2016;1075;419.25
Health Drinks;11/14/2017;2475;272.25
Spices;09/10/2017;2398;287.76
Legumes;06/11/2017;1593;461.97
Biscuits;11/12/2018;1019;448.36
Chicken;10/07/2017;799;359.55
Breads & Buns;03/12/2017;2425;848.75
Fish;11/12/2015;1595;622.05
Soft Drinks;5/27/2017;2231;468.51
Eggs;1/20/2015;2325;813.75
Edible Oil & Ghee;5/26/2018;1720;309.6
Biscuits;6/17/2017;661;52.88
Spices;7/21/2018;2381;333.34
Breads & Buns;9/27/2015;1101;132.12
Breads & Buns;11/05/2018;1509;105.63
Fresh Vegetables;6/19/2018;1135;465.35
Spices;12/13/2018;1444;563.16
Eggs;4/17/2016;524;31.44
Eggs;10/30/2018;1108;487.52
Meat;05/10/2015;950;199.5
Legumes;08/07/2018;1414;452.48
Chicken;07/07/2017;1964;549.92
Biscuits;5/23/2015;520;135.2
Biscuits;09/10/2017;885;115.05
Legumes;1/22/2017;1546;170.06
Organic Vegetables;05/10/2017;1320;343.2
Biscuits;12/21/2018;816;81.6
Health Drinks;11/02/2015;1672;635.36
Noodles;08/05/2015;2352;1011.36
Soft Drinks;12/12/2016;533;159.9
Salt;9/22/2015;1020;346.8
Fish;09/04/2018;1085;162.75
Fresh Fruits;09/08/2017;1851;296.16
Chicken;3/14/2015;1882;319.94
Spices;5/31/2016;2435;681.8
Biscuits;9/17/2015;1439;532.43
Organic Staples;10/12/2016;1891;775.31
Cakes;12/29/2017;1477;295.4
Edible Oil & Ghee;05/01/2016;1404;126.36
Legumes;9/22/2018;1243;534.49
Meat;6/25/2017;1382;179.66
Flour;12/12/2017;678;54.24
Fresh Fruits;8/15/2015;2168;802.16
Organic Fruits;04/10/2017;788;346.72
Organic Vegetables;12/10/2017;1602;288.36
Salt;12/10/2017;1217;377.27
Cookies;11/25/2015;619;179.51
Health Drinks;11/11/2015;2342;819.7
Health Drinks;4/22/2016;1880;770.8
Spices;10/21/2017;2284;776.56
Biscuits;05/02/2018;733;183.25
Fresh Fruits;12/13/2017;1137;500.28
Organic Fruits;03/11/2015;2251;112.55
Biscuits;9/21/2015;1838;771.96
Meat;1/29/2018;2411;554.53
Chicken;01/03/2018;506;192.28
Biscuits;10/25/2016;785;196.25
Fresh Fruits;09/02/2018;1937;561.73
Soft Drinks;10/09/2015;1823;255.22
Spices;9/15/2018;2350;446.5
Biscuits;2/13/2018;1184;118.4
Organic Vegetables;11/12/2018;2184;414.96
Biscuits;9/17/2015;798;231.42
Flour;6/19/2016;1324;66.2
Health Drinks;12/30/2016;1207;265.54
Biscuits;4/23/2017;1125;101.25
Fresh Fruits;8/16/2017;2363;897.94
Health Drinks;05/10/2015;1525;76.25
Chocolates;6/23/2016;1460;116.8
Cakes;12/05/2015;1283;102.64
Salt;2/22/2017;2379;380.64
Breads & Buns;07/07/2018;1312;314.88
Fresh Fruits;5/26/2017;1312;91.84
Biscuits;11/08/2016;763;160.23
Fish;2/19/2018;2164;584.28
Rice;09/12/2017;918;64.26
Organic Vegetables;10/15/2018;2002;900.9
Edible Oil & Ghee;7/28/2017;697;271.83
Fish;09/11/2016;791;110.74
Chicken;02/05/2017;2390;215.1
Organic Fruits;1/22/2017;2094;439.74
Biscuits;12/13/2018;2092;732.2
Meat;12/06/2016;1537;537.95
Spices;12/20/2015;1436;143.6
Soft Drinks;09/12/2017;1129;451.6
Chicken;11/13/2018;1256;326.56
Soft Drinks;12/15/2018;2265;453
Health Drinks;4/17/2018;1030;309
Legumes;2/16/2016;2452;269.72
Organic Staples;4/25/2018;2445;415.65
Legumes;11/11/2018;1436;373.36
Eggs;11/24/2016;806;40.3
Fresh Vegetables;8/14/2017;1932;463.68
Breads & Buns;11/04/2015;1117;413.29
Spices;12/30/2016;1990;139.3
Legumes;11/03/2017;1720;688
Cookies;11/03/2017;1797;628.95
Health Drinks;11/03/2017;1957;215.27
Soft Drinks;10/21/2017;2181;479.82
Chocolates;3/14/2016;1596;383.04
Meat;9/21/2015;1864;801.52
Eggs;5/18/2017;2092;271.96
Health Drinks;8/15/2015;1169;409.15
Health Drinks;05/12/2016;1997;678.98
Meat;12/27/2015;1823;565.13
Fresh Vegetables;11/02/2018;775;178.25
Chicken;11/08/2016;1625;276.25
Fresh Fruits;10/18/2016;1845;202.95
Spices;8/15/2017;803;216.81
Spices;09/02/2017;2448;930.24
Meat;6/25/2016;1220;500.2
Chocolates;10/21/2017;1923;653.82
Rice;12/30/2016;699;90.87
Soft Drinks;12/03/2017;930;399.9
Soft Drinks;8/27/2016;2199;571.74
Organic Vegetables;8/15/2016;1103;463.26
Fish;02/05/2017;1244;236.36
Organic Staples;10/21/2017;876;289.08
Chicken;8/31/2018;2326;209.34
Cakes;05/01/2016;1951;195.1
Rice;5/18/2017;1802;774.86
Health Drinks;04/10/2017;1708;341.6
Meat;12/02/2017;2439;902.43
Eggs;09/11/2017;1760;334.4
Organic Fruits;9/17/2015;767;268.45
Biscuits;08/12/2018;950;161.5
Health Drinks;11/13/2018;2130;447.3
Organic Vegetables;12/26/2015;1258;440.3
Organic Fruits;8/27/2016;745;208.6
Biscuits;11/12/2018;1472;588.8
Soft Drinks;12/15/2018;1806;144.48
Chocolates;02/02/2018;761;312.01
Fresh Fruits;3/29/2016;645;277.35
Organic Vegetables;4/18/2015;2044;633.64
Soft Drinks;1/27/2015;540;156.6
Salt;9/25/2017;1137;295.62
Edible Oil & Ghee;12/22/2015;1705;289.85
Organic Vegetables;7/14/2018;1287;218.79
Spices;3/18/2018;560;145.6
Salt;12/24/2016;1113;300.51
Cookies;9/29/2015;1698;577.32
Fish;7/14/2018;1669;500.7
Noodles;06/10/2018;862;370.66
Rice;10/04/2015;1672;518.32
Fresh Fruits;2/26/2018;503;130.78
Soft Drinks;8/15/2017;528;105.6
Fresh Fruits;8/20/2018;1575;425.25
Meat;12/05/2015;1646;329.2
Breads & Buns;12/02/2017;2048;512
Organic Fruits;05/03/2018;2440;780.8
Rice;08/12/2018;1602;496.62
Cookies;12/10/2017;1724;293.08
Soft Drinks;07/03/2018;2045;490.8
Health Drinks;5/14/2016;1061;456.23
Breads & Buns;02/02/2018;1019;305.7
Meat;12/03/2017;1694;508.2
Chocolates;4/16/2018;2246;336.9
Chocolates;3/19/2016;1714;119.98
Meat;8/23/2017;902;324.72
Fish;11/02/2018;1539;661.77
Organic Fruits;4/17/2016;611;85.54
Legumes;08/07/2018;1079;53.95
Organic Staples;5/20/2018;725;188.5
Fish;11/10/2018;2339;514.58
Eggs;8/23/2017;1805;812.25
Spices;09/02/2018;1287;244.53
Organic Fruits;12/04/2016;2430;631.8
Rice;11/24/2016;755;302
Cakes;4/18/2015;1342;93.94
Spices;1/13/2015;1594;669.48
Organic Vegetables;10/30/2018;2177;653.1
Organic Vegetables;1/20/2018;1379;137.9
Soft Drinks;9/15/2017;1504;240.64
Breads & Buns;9/21/2015;1555;684.2
Chocolates;05/12/2017;814;293.04
Spices;8/23/2017;1444;418.76
Health Drinks;4/17/2018;639;146.97
Legumes;11/29/2015;1154;138.48
Edible Oil & Ghee;12/29/2018;755;37.75
Chocolates;6/17/2015;674;141.54
Noodles;09/02/2018;2306;507.32
Biscuits;11/28/2018;1221;231.99
Chicken;1/22/2017;1397;419.1
Health Drinks;10/04/2015;1985;277.9
Spices;5/31/2016;1143;102.87
Cookies;8/16/2017;795;286.2
Eggs;9/25/2017;1429;314.38
Noodles;1/14/2018;2299;942.59
Soft Drinks;6/30/2018;524;178.16
Health Drinks;05/02/2018;540;86.4
Meat;05/02/2018;1813;507.64
Biscuits;11/17/2016;2364;307.32
Soft Drinks;8/27/2016;2215;708.8
Legumes;08/07/2018;1167;245.07
Chicken;12/26/2017;1463;424.27
Chocolates;12/06/2017;1385;138.5
Spices;9/15/2017;794;269.96
Cakes;09/04/2018;1852;703.76
Noodles;02/09/2018;2399;815.66
Organic Staples;8/28/2016;2060;885.8
Organic Fruits;11/17/2016;1752;297.84
Health Drinks;1/13/2015;1520;243.2
Organic Vegetables;9/22/2015;527;94.86
Soft Drinks;12/06/2016;769;115.35
Flour;12/28/2018;735;95.55
Flour;9/29/2015;767;314.47
Fresh Vegetables;3/27/2016;2262;1017.9
Biscuits;12/28/2015;729;313.47
Health Drinks;5/30/2018;810;194.4
Health Drinks;3/25/2015;1539;200.07
Rice;12/29/2015;1947;739.86
Cakes;10/30/2018;1640;688.8
Cookies;2/23/2018;2315;625.05
Noodles;6/18/2018;1571;157.1
Soft Drinks;01/03/2018;2376;974.16
Eggs;3/19/2016;2149;537.25
Chocolates;11/03/2018;1419;454.08
Fresh Vegetables;05/12/2016;517;41.36
Spices;12/13/2018;661;171.86
Biscuits;1/23/2015;1604;529.32
Breads & Buns;8/23/2017;1252;212.84
Legumes;09/08/2015;607;91.05
Eggs;12/24/2018;1645;180.95
Rice;9/21/2016;1349;364.23
Edible Oil & Ghee;05/10/2015;851;221.26
Biscuits;7/14/2017;1988;377.72
Health Drinks;2/26/2018;841;168.2
Legumes;09/02/2017;548;186.32
Cakes;04/11/2018;1559;592.42
Soft Drinks;05/03/2018;1511;120.88
Cakes;12/24/2017;920;340.4
Noodles;11/03/2017;2142;706.86
Organic Vegetables;12/27/2016;1616;129.28
Fish;2/16/2016;854;324.52
Edible Oil & Ghee;12/01/2018;1466;557.08
Fresh Fruits;11/13/2016;1083;379.05
Meat;9/21/2018;2365;709.5
Meat;12/02/2017;1602;448.56
Meat;5/26/2017;2002;700.7
Biscuits;9/19/2017;1920;864
Edible Oil & Ghee;09/08/2017;504;70.56
Cakes;12/06/2017;1929;173.61
Fresh Vegetables;12/01/2018;1207;120.7
Cakes;11/16/2018;745;298
Breads & Buns;11/24/2016;549;153.72
Spices;5/22/2016;1536;491.52
Fresh Fruits;11/17/2016;2433;486.6
Breads & Buns;04/11/2015;1359;149.49
Health Drinks;9/29/2018;2290;618.3
Spices;11/14/2018;697;55.76
Biscuits;12/03/2017;2111;337.76
Meat;09/08/2015;2227;155.89
Health Drinks;1/26/2018;1764;264.6
Noodles;4/17/2018;1072;300.16
Breads & Buns;11/10/2015;653;267.73
Cakes;07/08/2018;2117;402.23
Cookies;5/28/2017;1892;775.72
Health Drinks;9/23/2018;1432;400.96
Organic Fruits;11/10/2015;616;172.48
Meat;09/08/2017;879;184.59
Chocolates;11/21/2018;1663;449.01
Edible Oil & Ghee;11/16/2018;1205;542.25
Organic Fruits;11/26/2017;2450;833
Chocolates;12/05/2015;1588;158.8
Fresh Fruits;09/11/2016;1005;211.05
Organic Staples;12/06/2016;716;114.56
Noodles;11/24/2016;2162;324.3
Breads & Buns;11/22/2015;2074;145.18
Biscuits;9/21/2015;2489;945.82
Fresh Fruits;12/28/2015;2491;572.93
Health Drinks;8/28/2016;1559;608.01
Fresh Fruits;11/19/2018;635;215.9
Edible Oil & Ghee;04/10/2017;1851;333.18
Salt;9/15/2018;1315;170.95
Flour;10/07/2017;1073;472.12
Cookies;10/30/2018;1130;305.1
Health Drinks;4/14/2016;2188;700.16
Noodles;8/16/2016;1396;544.44
Soft Drinks;04/12/2017;2299;459.8
Soft Drinks;09/02/2017;1377;179.01
Chicken;05/01/2016;676;223.08
Organic Staples;9/15/2018;1920;403.2
Soft Drinks;04/11/2015;1784;446
Noodles;11/10/2018;1285;359.8
Edible Oil & Ghee;12/20/2016;1285;282.7
Chocolates;9/28/2016;1150;425.5
Cookies;8/21/2018;515;30.9
Legumes;11/24/2017;2177;544.25
Spices;4/13/2016;2081;749.16
Edible Oil & Ghee;8/31/2018;2410;964
Spices;8/23/2015;2430;388.8
Cakes;10/06/2018;1172;457.08
Soft Drinks;05/08/2016;1291;426.03
Soft Drinks;9/17/2015;1706;562.98
Soft Drinks;09/04/2018;2322;1021.68
Biscuits;12/01/2018;1579;300.01
Legumes;11/24/2016;784;203.84
Soft Drinks;10/07/2017;2173;347.68
Salt;11/03/2017;2425;218.25
Eggs;3/19/2016;1123;482.89
Noodles;11/13/2016;1543;246.88
Cookies;07/10/2016;1747;401.81
Cakes;08/07/2018;1285;514
Cookies;12/14/2016;1932;656.88
Noodles;09/08/2015;901;261.29
Salt;3/31/2015;1174;223.06
Fresh Vegetables;1/30/2017;2207;176.56
Soft Drinks;11/07/2017;851;51.06
Chicken;09/11/2017;931;335.16
Cookies;10/04/2015;867;190.74
Edible Oil & Ghee;7/14/2018;1404;631.8
Cakes;12/31/2016;1439;546.82
Biscuits;5/20/2018;610;207.4
Biscuits;3/14/2015;2233;334.95
Cookies;07/08/2018;1752;385.44
Cookies;12/01/2016;2165;194.85
Breads & Buns;08/02/2016;1777;408.71
Spices;9/29/2015;2072;704.48
Health Drinks;10/30/2018;1626;569.1
Breads & Buns;8/16/2016;609;146.16
Edible Oil & Ghee;6/15/2016;1807;795.08
Fish;09/09/2018;2285;388.45
Soft Drinks;7/18/2018;2266;294.58
Cakes;12/08/2015;597;119.4
Edible Oil & Ghee;6/15/2016;1143;354.33
Fresh Fruits;06/08/2018;2061;370.98
Breads & Buns;9/19/2018;2399;431.82
Chicken;12/19/2018;2293;642.04
Noodles;3/13/2018;938;206.36
Health Drinks;10/02/2016;1343;335.75
Legumes;8/17/2016;2358;754.56
Edible Oil & Ghee;12/11/2016;1742;661.96
Eggs;12/24/2016;1940;155.2
Breads & Buns;9/17/2015;596;59.6
Biscuits;1/13/2016;2421;266.31
Noodles;4/25/2018;1255;338.85
Fresh Fruits;9/23/2018;2254;698.74
Biscuits;6/25/2016;1993;358.74
Chicken;12/29/2017;599;161.73
Organic Fruits;11/04/2015;1122;415.14
Noodles;10/24/2015;2383;714.9
Cookies;7/21/2018;1111;488.84
Organic Staples;11/02/2016;1062;74.34
Breads & Buns;12/31/2017;625;200
Health Drinks;8/15/2015;1302;221.34
Cookies;10/19/2018;2246;157.22
Breads & Buns;08/07/2018;1729;743.47
Meat;08/07/2018;513;138.51
Fish;11/17/2017;1005;412.05
Chocolates;8/19/2018;1512;408.24
Cookies;12/05/2018;701;126.18
Salt;09/10/2017;1536;460.8
Biscuits;09/10/2017;1541;77.05
Legumes;12/10/2017;884;141.44
Organic Staples;07/08/2017;2269;839.53
Fish;6/17/2015;1426;285.2
Health Drinks;12/06/2017;900;54
Salt;10/30/2018;1626;439.02
Cookies;05/12/2016;712;85.44
Organic Staples;11/23/2015;1821;218.52
Spices;08/09/2015;1305;587.25
Fresh Vegetables;8/31/2018;1569;596.22
Cakes;9/28/2016;1965;393
Soft Drinks;12/30/2018;1690;135.2
Spices;12/11/2016;966;67.62
Salt;12/11/2016;2141;942.04
Breads & Buns;8/23/2015;1250;137.5
Cookies;8/28/2017;2081;145.67
Chocolates;2/24/2015;946;104.06
Soft Drinks;11/26/2015;2151;623.79
Noodles;03/10/2015;2076;373.68
Spices;8/21/2018;1847;258.58
Chicken;09/07/2018;1337;147.07
Chicken;12/08/2015;1568;360.64
Rice;5/23/2016;1706;716.52
Soft Drinks;08/10/2016;1514;439.06
Fresh Fruits;4/25/2018;2158;237.38
Eggs;03/10/2015;1541;431.48
Cookies;5/28/2017;2283;639.24
Fresh Vegetables;12/24/2016;923;119.99
Organic Staples;8/15/2015;745;238.4
Rice;04/10/2017;2462;246.2
Legumes;11/07/2018;1791;483.57
Chocolates;11/21/2016;1186;415.1
Fresh Vegetables;3/14/2015;1233;468.54
Soft Drinks;09/12/2017;2433;340.62
Fresh Fruits;5/28/2015;901;90.1
Rice;8/17/2017;1680;537.6
Rice;07/12/2015;2050;389.5
Soft Drinks;05/06/2018;841;285.94
Health Drinks;2/24/2015;672;94.08
Breads & Buns;11/27/2017;1077;129.24
Breads & Buns;12/11/2016;578;138.72
Breads & Buns;03/08/2018;2279;592.54
Rice;4/21/2015;1344;497.28
Soft Drinks;03/09/2018;2438;365.7
Health Drinks;11/11/2018;530;121.9
Flour;8/28/2016;654;215.82
Spices;09/02/2018;1988;357.84
Organic Staples;9/29/2017;849;288.66
Rice;5/19/2018;1788;464.88
Organic Vegetables;11/08/2016;508;127
Health Drinks;09/01/2018;611;140.53
Spices;11/21/2018;925;314.5
Health Drinks;9/17/2015;2063;144.41
Breads & Buns;12/08/2015;2094;104.7
Organic Staples;12/06/2016;1569;282.42
Soft Drinks;9/17/2015;1892;718.96
Legumes;7/14/2015;1500;630
Soft Drinks;11/01/2015;2100;651
Noodles;11/26/2015;2225;445
Soft Drinks;12/08/2015;1632;603.84
Eggs;12/06/2016;537;150.36
Cakes;09/05/2016;1282;179.48
Breads & Buns;9/23/2018;1199;455.62
Eggs;12/05/2018;2060;206
Edible Oil & Ghee;08/12/2018;2062;927.9
Cakes;8/23/2015;509;25.45
Edible Oil & Ghee;9/17/2015;1907;324.19
Spices;12/06/2016;883;247.24
Biscuits;10/02/2018;2018;787.02
Soft Drinks;10/02/2018;777;194.25
Biscuits;11/25/2015;1332;266.4
Organic Staples;11/27/2018;776;155.2
Soft Drinks;9/15/2018;1552;450.08
Organic Staples;4/23/2017;1311;367.08
Organic Fruits;11/02/2016;723;79.53
Edible Oil & Ghee;11/07/2015;605;260.15
Organic Fruits;9/18/2018;666;286.38
Fresh Vegetables;08/09/2015;2199;615.72
Flour;9/30/2015;1684;168.4
Legumes;12/06/2017;1857;148.56
Fresh Fruits;9/15/2017;1344;134.4
Organic Fruits;09/10/2015;1107;221.4
Fresh Fruits;12/08/2015;670;107.2
Biscuits;8/17/2016;794;230.26
Cookies;12/24/2016;2223;222.3
Eggs;07/08/2017;2094;167.52
Flour;11/30/2015;665;259.35
Chocolates;11/24/2016;1908;534.24
Biscuits;1/29/2018;2494;648.44
Edible Oil & Ghee;01/03/2018;1249;399.68
Cookies;8/16/2016;542;184.28
Cookies;12/06/2016;1844;811.36
Soft Drinks;6/29/2018;1682;740.08
Soft Drinks;8/23/2015;860;275.2
Cookies;11/11/2017;717;186.42
Breads & Buns;9/20/2016;862;379.28
Spices;11/13/2018;1237;457.69
Salt;11/03/2017;1934;212.74
Cakes;5/25/2016;2498;524.58
Chicken;04/01/2018;562;151.74
Organic Fruits;06/11/2017;2270;885.3
Spices;10/21/2018;976;341.6
Noodles;06/08/2018;2355;894.9
Soft Drinks;9/28/2016;1454;596.14
Chocolates;07/08/2017;2352;1058.4
Biscuits;9/19/2018;694;90.22
Legumes;7/18/2018;2430;170.1
Fish;07/08/2017;616;215.6
Meat;12/08/2015;1482;652.08
Fresh Fruits;11/12/2017;876;122.64
Noodles;08/09/2015;533;143.91
Spices;12/27/2015;921;267.09
Organic Fruits;11/12/2017;1955;762.45
Soft Drinks;5/23/2016;753;75.3
Salt;10/02/2018;886;212.64
Cookies;8/22/2017;1301;351.27
Health Drinks;12/22/2017;1277;242.63
Noodles;12/22/2018;1961;627.52
Flour;12/11/2016;1838;716.82
Salt;10/01/2017;734;110.1
Breads & Buns;11/10/2017;856;325.28
Biscuits;12/27/2016;702;231.66
Soft Drinks;09/05/2017;1391;403.39
Health Drinks;12/22/2018;997;199.4
Legumes;09/11/2017;2283;1027.35
Salt;12/11/2016;1745;296.65
Fresh Vegetables;5/14/2018;847;296.45
Flour;1/15/2018;1578;615.42
Spices;08/01/2018;1643;246.45
Legumes;9/20/2015;1246;62.3
Meat;11/11/2018;1115;289.9
Chocolates;10/23/2016;1958;606.98
Breads & Buns;11/29/2016;1913;803.46
Fresh Fruits;08/07/2018;2293;183.44
Chocolates;12/15/2015;1053;410.67
Organic Vegetables;06/05/2018;870;374.1
Soft Drinks;11/17/2017;2489;597.36
Biscuits;07/11/2015;2245;269.4
Chocolates;1/15/2018;658;223.72
Chicken;7/23/2017;2251;900.4
Salt;12/04/2017;2395;862.2
Chocolates;7/23/2015;809;72.81
Fish;9/22/2018;1507;587.73
Cookies;12/01/2015;505;35.35
Organic Staples;6/16/2016;1981;158.48
Health Drinks;08/09/2016;2414;772.48
Eggs;10/14/2015;1690;321.1
Organic Fruits;5/30/2016;916;283.96
Health Drinks;5/30/2016;1210;84.7
Flour;6/21/2015;1874;787.08
Cookies;11/20/2018;1153;495.79
Chocolates;07/11/2015;1046;397.48
Chocolates;11/07/2017;2023;161.84
Soft Drinks;08/09/2016;1304;352.08
Flour;11/24/2017;2266;339.9
Meat;3/26/2018;944;330.4
Fish;11/07/2017;1646;213.98
Soft Drinks;12/02/2018;1949;857.56
Fish;9/20/2015;2399;1007.58
Health Drinks;08/09/2016;1405;351.25
Noodles;10/21/2017;1256;113.04
Breads & Buns;12/07/2016;815;154.85
Cakes;9/20/2015;596;59.6
Fresh Vegetables;11/19/2015;721;324.45
Fish;07/06/2015;2420;847
Breads & Buns;12/07/2018;1570;675.1
Soft Drinks;07/07/2018;1417;637.65
Fresh Vegetables;9/16/2018;2384;596
Edible Oil & Ghee;10/05/2016;2273;295.49
Noodles;05/03/2017;2250;675
Cakes;07/07/2018;1828;712.92
Fresh Fruits;9/16/2018;2108;231.88
Fresh Fruits;9/22/2016;1759;686.01
Legumes;05/03/2017;929;167.22
Edible Oil & Ghee;12/15/2016;1464;527.04
Cakes;12/15/2016;1501;255.17
Legumes;07/07/2018;2258;361.28
Salt;12/08/2018;1173;480.93
Biscuits;7/25/2017;2481;769.11
Flour;06/01/2018;1180;70.8
Salt;05/08/2015;828;256.68
Fresh Fruits;12/22/2018;843;160.17
Cookies;9/14/2018;1475;354
Legumes;12/15/2016;1599;543.66
Fish;9/14/2018;1781;676.78
Soft Drinks;05/03/2017;666;219.78
Cakes;11/25/2017;1447;115.76
Health Drinks;4/16/2016;1726;120.82
Salt;06/06/2017;524;31.44
Fresh Fruits;06/06/2017;1795;107.7
Noodles;11/05/2017;2075;622.5
Eggs;12/21/2018;638;70.18
Rice;9/22/2018;2403;1033.29
Biscuits;1/15/2015;1883;301.28
Biscuits;06/06/2017;1613;419.38
Biscuits;4/18/2016;1127;281.75
Breads & Buns;08/12/2015;994;377.72
Chocolates;6/15/2016;1159;220.21
Rice;6/14/2017;1416;198.24
Meat;08/09/2017;1242;558.9
Fresh Vegetables;3/26/2017;1964;157.12
Fish;12/21/2016;1480;621.6
Organic Fruits;08/01/2018;2415;869.4
Flour;1/14/2018;839;218.14
Biscuits;12/25/2018;1958;724.46
Cakes;06/09/2017;1539;430.92
Chocolates;11/22/2016;1591;143.19
Cookies;11/23/2015;1957;841.51
Noodles;12/13/2016;907;217.68
Breads & Buns;4/21/2018;1036;269.36
Organic Staples;10/05/2015;998;269.46
Edible Oil & Ghee;3/19/2018;862;293.08
Noodles;9/21/2018;2313;578.25
Soft Drinks;9/21/2018;2266;997.04
Biscuits;11/15/2015;868;373.24
Meat;6/29/2018;1275;433.5
Chicken;9/17/2018;1853;148.24
Edible Oil & Ghee;05/03/2016;2226;511.98
Meat;3/19/2018;1514;514.76
Fresh Vegetables;11/18/2018;1663;432.38
Cakes;3/23/2018;2099;272.87
Health Drinks;12/22/2018;1036;424.76
Chicken;11/03/2017;2432;267.52
Organic Staples;12/03/2017;2283;890.37
Biscuits;12/13/2016;2212;243.32
Fish;12/12/2016;1531;275.58
Edible Oil & Ghee;11/28/2015;1299;558.57
Health Drinks;3/25/2018;1538;384.5
Breads & Buns;3/22/2016;1684;740.96
Eggs;5/18/2018;1823;182.3
Fresh Fruits;10/01/2016;600;120
Soft Drinks;09/07/2018;1928;674.8
Breads & Buns;12/20/2015;981;441.45
Chicken;10/02/2016;1408;126.72
Fresh Vegetables;12/13/2016;1370;232.9
Noodles;5/27/2018;1135;329.15
Edible Oil & Ghee;11/16/2018;2051;922.95
Spices;3/25/2018;1712;154.08
Chicken;8/21/2018;2200;396
Legumes;11/19/2018;2319;533.37
Breads & Buns;09/07/2018;1160;243.6
Legumes;10/02/2016;1306;261.2
Soft Drinks;4/28/2015;2018;161.44
Salt;3/19/2018;807;112.98
Fresh Fruits;6/20/2016;1616;517.12
Organic Fruits;4/24/2018;1012;333.96
Cookies;11/03/2017;1271;190.65
Flour;04/04/2016;885;203.55
Rice;04/04/2016;1412;127.08
Organic Fruits;09/07/2018;1549;77.45
Biscuits;3/25/2017;2089;919.16
Chocolates;5/26/2017;1503;180.36
Salt;7/31/2018;2477;594.48
Rice;12/11/2016;1653;247.95
Salt;12/14/2018;1057;179.69
Breads & Buns;10/01/2017;2223;689.13
Organic Fruits;10/15/2016;587;223.06
Fresh Vegetables;04/10/2018;2498;224.82
Soft Drinks;11/21/2018;2434;1095.3
Noodles;5/30/2017;1939;135.73
Noodles;5/30/2017;1062;95.58
Chicken;12/18/2016;2448;807.84
Soft Drinks;9/14/2015;1838;533.02
Soft Drinks;3/17/2017;1207;241.4
Eggs;06/04/2017;2230;691.3
Eggs;6/21/2015;1044;83.52
Cakes;9/14/2015;755;271.8
Organic Vegetables;9/14/2015;517;170.61
Cakes;11/26/2015;2390;167.3
Eggs;11/16/2018;1693;643.34
Organic Fruits;7/31/2016;1238;495.2
Cakes;5/25/2018;507;35.49
Legumes;05/08/2017;502;225.9
Salt;3/16/2018;1530;428.4
Chicken;10/03/2015;2042;408.4
Cookies;3/16/2018;1876;806.68
Chocolates;12/06/2016;700;70
Cookies;10/10/2015;1638;196.56
Fresh Vegetables;7/14/2017;1343;282.03
Chocolates;8/13/2017;2268;1020.6
Organic Vegetables;02/07/2017;2465;1084.6
Noodles;11/30/2017;2187;765.45
Salt;10/23/2016;1755;508.95
Breads & Buns;10/08/2015;1345;564.9
Organic Fruits;05/06/2018;1061;318.3
Organic Fruits;07/08/2017;2473;717.17
Fish;3/22/2016;1289;412.48
Organic Staples;10/23/2016;1303;547.26
Soft Drinks;12/01/2017;2423;533.06
Health Drinks;10/24/2017;2348;986.16
Cakes;9/13/2015;2268;476.28
Flour;9/13/2015;1898;512.46
Salt;10/16/2015;1158;138.96
Salt;12/11/2017;1541;600.99
Organic Fruits;9/13/2015;2388;214.92
Legumes;04/05/2016;2484;869.4
Spices;11/02/2016;917;183.4
Rice;3/30/2018;1123;56.15
Cookies;10/31/2016;1646;246.9
Salt;09/04/2017;1532;91.92
Flour;09/11/2018;2261;972.23
Breads & Buns;12/20/2015;2139;641.7
Spices;7/21/2018;1836;385.56
Fresh Vegetables;11/21/2016;874;253.46
Chocolates;11/21/2016;640;44.8
Fish;03/03/2017;1868;616.44
Edible Oil & Ghee;10/12/2016;726;36.3
Cakes;09/07/2015;723;72.3
Meat;10/12/2016;2226;200.34
Cookies;7/23/2018;1512;105.84
Health Drinks;7/20/2016;959;201.39
Fresh Fruits;09/10/2018;894;232.44
Meat;4/23/2018;2474;272.14
Organic Vegetables;12/09/2018;1794;699.66
Cookies;09/10/2018;2280;820.8
Organic Vegetables;11/24/2015;2389;907.82
Fresh Fruits;08/03/2017;536;209.04
Organic Staples;11/24/2017;669;294.36
Spices;10/28/2018;600;72
Soft Drinks;10/28/2018;2235;894
Chocolates;07/12/2016;1053;442.26
Soft Drinks;09/02/2015;932;316.88
Chocolates;10/17/2015;1203;324.81
Breads & Buns;11/24/2017;542;81.3
Fresh Fruits;7/18/2017;2079;519.75
Noodles;6/28/2017;1394;236.98
Spices;12/19/2016;2310;600.6
Fish;07/12/2015;1431;286.2
Legumes;12/16/2015;1975;849.25
Fish;07/12/2016;864;86.4
Edible Oil & Ghee;11/17/2018;1985;397
Meat;01/03/2016;1371;191.94
Eggs;09/10/2017;777;341.88
Rice;10/23/2018;2330;1001.9
Fresh Vegetables;02/09/2016;547;153.16
Health Drinks;08/12/2017;839;159.41
Noodles;07/12/2016;1848;462
Fresh Fruits;7/14/2017;1018;244.32
Fresh Fruits;5/26/2016;2117;127.02
Eggs;10/11/2016;1055;94.95
Spices;9/15/2018;1089;141.57
Biscuits;7/18/2016;2321;974.82
Salt;7/15/2018;840;361.2
Edible Oil & Ghee;09/06/2017;1317;223.89
Fresh Fruits;11/09/2016;2186;546.5
Health Drinks;11/23/2016;2483;744.9
Salt;11/05/2018;558;61.38
Fresh Vegetables;9/28/2016;1290;503.1
Legumes;3/17/2018;1699;101.94
Eggs;06/11/2017;637;248.43
Chocolates;03/05/2015;948;75.84
Cakes;12/01/2017;1766;317.88
Fish;8/27/2017;797;135.49
Chocolates;3/31/2018;1002;200.4
Health Drinks;10/09/2016;633;151.92
Chicken;05/12/2018;887;301.58
Fish;11/09/2016;1768;335.92
Legumes;7/20/2017;2274;750.42
Flour;11/26/2018;2405;793.65
Fresh Fruits;12/04/2016;2395;1053.8
Rice;07/11/2018;1597;351.34
Eggs;3/17/2018;1673;368.06
Organic Vegetables;11/14/2015;1211;266.42
Salt;3/17/2018;1890;378
Cookies;9/22/2018;781;351.45
Rice;9/19/2016;1097;460.74
Organic Fruits;12/27/2017;1140;114
Flour;3/31/2017;2227;690.37
Flour;9/22/2018;2190;175.2
Health Drinks;12/05/2016;1710;102.6
Health Drinks;1/27/2018;583;46.64
Organic Vegetables;3/26/2016;543;244.35
Meat;9/25/2018;1887;547.23
Fish;6/16/2018;2421;919.98
Salt;09/09/2015;2097;733.95
Soft Drinks;1/27/2016;2410;457.9
Spices;09/09/2015;1947;194.7
Spices;7/13/2018;2466;295.92
Organic Staples;9/26/2016;884;176.8
Cookies;12/01/2015;672;114.24
Fresh Fruits;11/18/2015;1068;331.08
Fresh Vegetables;1/19/2018;2126;425.2
Biscuits;8/24/2016;865;233.55
Health Drinks;1/27/2018;1303;221.51
Spices;07/09/2016;830;348.6
Spices;3/31/2017;795;127.2
Biscuits;11/14/2017;2292;229.2
Cookies;1/27/2016;1087;173.92
Chocolates;4/30/2016;2043;143.01
Biscuits;11/14/2017;860;206.4
Cakes;12/16/2015;846;42.3
Biscuits;12/09/2018;565;62.15
Eggs;12/05/2017;1464;146.4
Spices;4/30/2015;760;281.2
Chicken;08/06/2015;2426;970.4
Noodles;2/17/2018;1050;472.5
Chocolates;9/23/2018;868;147.56
Organic Vegetables;12/09/2018;1265;392.15
Fresh Vegetables;02/02/2017;1949;545.72
Organic Staples;11/08/2016;2353;1011.79
Fresh Fruits;3/27/2018;2200;902
Legumes;12/06/2016;2053;739.08
Flour;12/03/2018;2325;1046.25
Chicken;08/07/2018;2415;120.75
Salt;05/02/2015;537;53.7
Organic Staples;09/05/2017;1273;343.71
Soft Drinks;04/11/2015;1867;448.08
Legumes;7/29/2018;2298;505.56
Salt;04/11/2015;682;170.5
Cakes;8/23/2018;2126;935.44
Eggs;5/27/2015;1878;131.46
Spices;12/21/2016;1202;168.28
Health Drinks;12/18/2018;1867;317.39
Cookies;06/04/2016;639;166.14
Health Drinks;12/14/2016;739;169.97
Chocolates;7/27/2015;2050;676.5
Spices;09/12/2016;2498;749.4
Meat;06/04/2016;2380;214.2
Chocolates;3/29/2016;1789;178.9
Rice;4/25/2018;1736;711.76
Chicken;7/17/2017;2399;359.85
Breads & Buns;11/03/2018;2191;832.58
Salt;11/05/2017;2114;486.22
Spices;11/13/2018;1040;52
Organic Vegetables;7/27/2018;1957;743.66
Cakes;5/22/2018;2343;773.19
Eggs;10/23/2016;1748;87.4
Salt;2/27/2016;888;248.64
Spices;10/12/2018;1141;171.15
Noodles;11/27/2017;1787;661.19
Cookies;9/24/2016;1360;340
Organic Fruits;9/24/2016;1699;84.95
Organic Vegetables;12/17/2016;1183;485.03
Noodles;4/13/2016;862;103.44
Meat;3/17/2017;538;118.36
Biscuits;6/27/2017;644;167.44
Breads & Buns;7/17/2017;2025;405
Cakes;06/09/2016;1889;113.34
Fish;12/29/2015;1155;334.95
Salt;06/12/2018;629;194.99
Edible Oil & Ghee;04/11/2016;1212;109.08
Biscuits;6/24/2017;2039;876.77
Fresh Vegetables;12/10/2018;2113;169.04
Chicken;12/14/2016;527;184.45
Biscuits;6/23/2016;2353;588.25
Health Drinks;07/07/2017;1652;280.84
Soft Drinks;12/25/2016;1476;457.56
Edible Oil & Ghee;06/11/2018;2115;803.7
Fresh Fruits;4/19/2017;2373;355.95
Soft Drinks;08/04/2015;2238;447.6
Noodles;10/26/2015;1393;515.41
Cookies;12/03/2018;1056;359.04
Soft Drinks;3/23/2015;1813;199.43
Cookies;6/23/2017;1052;252.48
Flour;12/03/2018;1722;309.96
Cakes;10/31/2015;659;230.65
Meat;5/27/2015;1841;644.35
Organic Vegetables;7/22/2017;1908;744.12
Health Drinks;12/04/2018;1610;531.3
Organic Vegetables;09/07/2018;1294;439.96
Edible Oil & Ghee;7/31/2017;2181;697.92
Soft Drinks;09/01/2017;532;63.84
Health Drinks;12/09/2017;651;240.87
Soft Drinks;08/05/2018;920;64.4
Fish;03/03/2018;595;178.5
Meat;12/09/2017;1195;478
Eggs;03/05/2016;2038;733.68
Breads & Buns;06/01/2016;974;185.06
Chocolates;06/01/2016;1272;508.8
Noodles;11/11/2017;1278;575.1
Health Drinks;9/22/2017;1727;189.97
Rice;10/20/2017;2108;653.48
Spices;7/21/2015;2345;422.1
Eggs;8/26/2017;964;318.12
Flour;12/08/2018;552;138
Breads & Buns;11/13/2016;2266;362.56
Organic Vegetables;8/26/2017;1193;202.81
Fish;11/19/2015;2139;213.9
Chicken;05/08/2016;1555;93.3
Chicken;9/13/2017;1936;425.92
Fish;7/29/2018;2459;1008.19
Fresh Fruits;9/13/2016;2106;926.64
Spices;08/07/2018;883;220.75
Salt;9/23/2018;1034;268.84
Noodles;04/03/2017;1571;219.94
Eggs;11/08/2016;2117;910.31
Eggs;7/31/2017;1149;333.21
Chicken;12/02/2018;1908;782.28
Breads & Buns;12/03/2015;1932;270.48
Flour;07/04/2016;1081;140.53
Biscuits;12/04/2018;619;198.08
Cakes;09/04/2017;765;114.75
Fish;10/14/2017;2463;221.67
Spices;9/13/2017;1350;108
Biscuits;03/08/2016;2403;360.45
Cakes;10/20/2017;2262;452.4
Salt;08/10/2018;523;120.29
Cakes;6/24/2017;1972;571.88
Breads & Buns;10/23/2018;2078;831.2
Fish;2/21/2018;2336;630.72
Edible Oil & Ghee;3/27/2018;1450;232
Biscuits;11/20/2017;991;416.22
Noodles;5/19/2018;984;393.6
Organic Fruits;05/06/2017;2448;538.56
Legumes;3/31/2015;2150;322.5
Edible Oil & Ghee;11/12/2015;936;56.16
Chocolates;04/06/2016;526;231.44
Fresh Fruits;02/09/2018;1523;487.36
Cakes;02/06/2016;1097;186.49
Chocolates;11/22/2017;661;271.01
Breads & Buns;05/11/2015;2143;535.75
Chicken;6/25/2018;2081;187.29
Organic Fruits;11/23/2018;561;61.71
Chicken;12/20/2016;1804;288.64
Organic Fruits;5/15/2018;532;175.56
Chocolates;9/23/2018;1130;67.8
Organic Fruits;7/20/2016;1615;646
Noodles;05/09/2017;1076;258.24
Salt;03/05/2016;2125;318.75
Chocolates;11/11/2015;616;178.64
Cookies;6/20/2015;637;31.85
Cookies;08/03/2018;1969;295.35
Fish;12/14/2015;2330;768.9
Health Drinks;06/08/2016;1690;608.4
Chocolates;11/21/2017;1405;126.45
Legumes;11/01/2017;985;216.7
Cookies;09/02/2018;2202;616.56
Fresh Fruits;4/16/2016;1808;578.56
Organic Fruits;04/02/2016;630;214.2
Soft Drinks;4/18/2015;1350;567
Eggs;10/13/2017;2323;394.91
Eggs;10/23/2016;2162;756.7
Breads & Buns;12/19/2015;2194;899.54
Fresh Fruits;6/26/2016;1454;101.78
Cakes;11/11/2015;2384;309.92
Eggs;10/19/2018;1997;539.19
Health Drinks;4/13/2016;1842;460.5
Soft Drinks;11/02/2015;573;257.85
Noodles;03/03/2017;1640;360.8
Organic Fruits;3/25/2018;1288;128.8
Cookies;12/20/2016;1532;229.8
Rice;05/06/2018;2265;203.85
Fresh Vegetables;10/01/2016;871;270.01
Spices;12/12/2016;1168;256.96
Legumes;4/16/2016;1828;493.56
Biscuits;1/30/2018;522;36.54
Chocolates;12/06/2015;1425;242.25
Cookies;04/04/2018;995;358.2
Edible Oil & Ghee;1/30/2017;2342;936.8
Chocolates;07/12/2016;768;238.08
Organic Fruits;5/28/2018;1737;486.36
Edible Oil & Ghee;07/03/2018;1003;270.81
Organic Vegetables;12/20/2015;1710;393.3
Spices;11/05/2017;965;366.7
Salt;10/14/2015;2227;935.34
Cookies;11/23/2018;711;227.52
Organic Fruits;12/01/2018;856;171.2
Rice;11/19/2017;2006;581.74
Biscuits;11/25/2018;1099;296.73
Organic Staples;11/14/2018;2444;146.64
Soft Drinks;10/21/2017;762;91.44
Health Drinks;04/07/2016;2307;922.8
Chicken;11/24/2017;1894;757.6
Noodles;05/12/2016;1448;289.6
Cakes;09/02/2015;949;275.21
Cookies;04/02/2016;1346;296.12
Health Drinks;11/10/2017;588;47.04
Cookies;03/03/2017;1134;453.6
Organic Staples;3/18/2018;1642;525.44
Flour;04/08/2017;1170;409.5
Fresh Fruits;7/26/2015;1795;789.8
Meat;5/23/2017;1401;224.16
Cakes;9/26/2015;960;57.6
Spices;09/02/2017;1644;131.52
Health Drinks;6/20/2015;797;191.28
Salt;11/07/2016;1623;194.76
Biscuits;03/03/2017;796;222.88
Chicken;11/28/2015;925;64.75
Meat;4/17/2016;2083;104.15
Chicken;08/08/2016;695;83.4
Soft Drinks;12/03/2018;1136;136.32
Fresh Fruits;11/01/2016;1878;319.26
Organic Fruits;5/28/2016;1305;247.95
Cookies;2/14/2016;942;160.14
Breads & Buns;3/20/2018;566;209.42
Cakes;9/20/2015;2271;204.39
Chocolates;8/18/2018;2344;468.8
Organic Vegetables;09/01/2017;1098;417.24
Health Drinks;12/25/2016;1654;479.66
Health Drinks;9/17/2016;551;198.36
Cookies;9/26/2016;809;113.26
Salt;9/20/2018;653;182.84
Spices;9/20/2018;1317;131.7
Salt;08/06/2015;1356;352.56
Soft Drinks;07/09/2018;1985;873.4
Cookies;4/29/2015;1531;643.02
Health Drinks;11/13/2016;1691;101.46
Soft Drinks;02/04/2017;2274;204.66
Eggs;5/22/2017;1563;593.94
Cookies;07/02/2015;1647;510.57
Fish;3/13/2018;2376;736.56
Health Drinks;12/11/2018;2201;660.3
Rice;11/14/2017;806;249.86
Fish;4/19/2017;1204;120.4
Health Drinks;9/20/2018;1539;338.58
Edible Oil & Ghee;12/25/2018;1483;266.94
Eggs;10/12/2018;639;217.26
Chocolates;09/01/2015;770;192.5
Soft Drinks;11/11/2017;2495;249.5
Rice;12/26/2017;1442;519.12
Edible Oil & Ghee;2/16/2017;1142;433.96
Salt;9/20/2018;1122;426.36
Cakes;11/17/2018;1054;474.3
Fish;6/17/2015;2251;607.77
Spices;07/09/2016;1508;422.24
Noodles;11/13/2016;2230;602.1
Breads & Buns;11/14/2017;763;91.56
Eggs;12/01/2017;2361;755.52
Legumes;12/21/2018;2232;803.52
Breads & Buns;9/14/2017;643;212.19
Noodles;09/07/2015;1775;461.5
Flour;6/26/2018;1713;411.12
Eggs;5/14/2018;2455;589.2
Organic Fruits;9/17/2016;1620;162
Health Drinks;9/20/2018;2411;626.86
Edible Oil & Ghee;1/27/2018;743;59.44
Meat;09/04/2018;1286;450.1
Organic Staples;11/07/2018;1011;384.18
Rice;9/17/2018;1122;415.14
Meat;12/14/2015;2283;342.45
Health Drinks;12/04/2016;667;213.44
Breads & Buns;11/03/2015;632;246.48
Salt;11/01/2016;1783;338.77
Breads & Buns;11/19/2016;2045;470.35
Organic Fruits;9/17/2016;814;162.8
Noodles;5/22/2017;933;111.96
Fresh Fruits;05/07/2017;2147;901.74
Chicken;11/05/2018;1332;492.84
Edible Oil & Ghee;05/07/2017;773;85.03
Salt;03/03/2017;521;109.41
Health Drinks;7/30/2018;734;117.44
Organic Vegetables;5/22/2017;1318;171.34
Noodles;11/18/2018;1432;601.44
Chocolates;3/31/2018;751;135.18
Cakes;09/01/2017;1584;332.64
Fresh Vegetables;5/31/2017;564;73.32
Breads & Buns;11/01/2016;522;67.86
Biscuits;9/26/2016;501;80.16
Chocolates;03/01/2017;548;126.04
Noodles;6/21/2015;1775;798.75
Biscuits;11/19/2015;1641;147.69
Breads & Buns;11/10/2017;1731;727.02
Cakes;4/27/2016;2114;845.6
Noodles;7/27/2018;1176;188.16
Edible Oil & Ghee;12/06/2016;1023;388.74
Legumes;12/14/2015;2041;142.87
Salt;12/10/2018;826;305.62
Health Drinks;03/10/2017;885;371.7
Legumes;12/10/2016;633;158.25
Fresh Fruits;04/11/2018;2450;588
Edible Oil & Ghee;06/12/2018;919;147.04
Breads & Buns;12/30/2015;1609;724.05
Flour;11/05/2015;558;122.76
Edible Oil & Ghee;9/14/2016;1767;212.04
Soft Drinks;09/12/2016;999;319.68
Biscuits;2/14/2016;1947;759.33
Organic Vegetables;11/25/2017;1397;125.73
Breads & Buns;10/25/2015;1273;89.11
Cookies;5/18/2018;2042;816.8
Organic Staples;07/05/2016;2476;643.76
Soft Drinks;11/03/2018;2162;237.82
Organic Staples;05/03/2016;2316;926.4
Fresh Vegetables;6/23/2015;2050;717.5
Breads & Buns;10/05/2016;1343;429.76
Organic Staples;09/10/2018;881;44.05
Eggs;09/04/2018;1642;558.28
Meat;6/21/2015;998;369.26
Edible Oil & Ghee;11/05/2015;1398;195.72
Meat;12/25/2018;1966;334.22
Cakes;10/30/2018;1406;323.38
Health Drinks;05/08/2016;2138;192.42
Rice;7/14/2015;592;124.32
Health Drinks;5/18/2015;1370;109.6
Flour;09/10/2018;1932;309.12
Soft Drinks;09/08/2018;1528;106.96
Health Drinks;7/14/2015;849;212.25
Eggs;10/21/2018;976;175.68
Spices;2/14/2016;1776;799.2
Salt;6/22/2015;1465;424.85
Fresh Fruits;5/23/2017;790;260.7
Chicken;11/26/2017;820;213.2
Flour;03/10/2018;775;124
Cookies;04/05/2017;2151;795.87
Chocolates;6/26/2018;1446;506.1
Legumes;5/23/2017;1245;410.85
Meat;12/09/2015;1045;459.8
Chocolates;3/29/2017;1850;573.5
Health Drinks;11/24/2015;745;126.65
Health Drinks;03/08/2017;861;370.23
Salt;7/31/2018;1629;700.47
Cookies;11/30/2016;1124;292.24
Cakes;7/18/2018;1083;465.69
Organic Fruits;11/07/2018;1010;141.4
Soft Drinks;11/21/2016;1556;700.2
Fresh Vegetables;10/26/2018;689;248.04
Fresh Vegetables;11/02/2015;1845;811.8
Chicken;11/18/2015;1188;95.04
Spices;11/02/2015;1682;655.98
Spices;11/26/2018;1652;297.36
Fresh Fruits;10/21/2017;2062;350.54
Chocolates;7/14/2018;1133;124.63
Noodles;6/26/2018;1719;601.65
Eggs;6/21/2015;1944;855.36
Fresh Fruits;11/25/2017;538;32.28
Soft Drinks;11/21/2017;1103;297.81
Cookies;2/20/2016;2374;783.42
Spices;5/22/2015;1798;179.8
Spices;6/26/2017;785;164.85
Health Drinks;12/25/2017;1411;606.73
Biscuits;8/31/2018;1253;87.71
Cakes;5/26/2018;1885;320.45
Meat;5/22/2015;983;275.24
Health Drinks;9/29/2017;1298;129.8
Biscuits;12/20/2017;1448;217.2
Breads & Buns;02/11/2015;1774;319.32
Salt;12/24/2018;1013;425.46
Meat;09/08/2015;1196;502.32
Biscuits;9/15/2016;1854;352.26
Chicken;5/19/2018;2412;1061.28
Biscuits;07/03/2018;1941;737.58
Breads & Buns;06/02/2015;2114;274.82
Rice;8/24/2016;1719;154.71
Chocolates;7/27/2016;1631;472.99
Eggs;5/31/2015;2075;415
Organic Vegetables;5/31/2015;1597;702.68
Health Drinks;9/21/2016;829;124.35
Cakes;6/18/2016;1546;680.24
Soft Drinks;5/19/2018;1490;387.4
Noodles;8/24/2016;1875;375
Chicken;12/07/2018;2454;1006.14
Cookies;6/27/2015;2295;665.55
Fish;9/17/2017;1139;102.51
Eggs;4/18/2017;1281;384.3
Meat;6/20/2018;955;343.8
Health Drinks;7/21/2018;1707;682.8
Organic Vegetables;12/12/2017;2014;422.94
Biscuits;9/19/2017;677;54.16
Fresh Fruits;09/04/2016;671;87.23
Cakes;4/21/2016;2153;882.73
Fresh Fruits;9/21/2016;2064;288.96
Noodles;12/10/2016;625;168.75
Soft Drinks;06/11/2016;765;160.65
Meat;8/24/2016;1490;238.4
Soft Drinks;1/20/2015;1393;431.83
Eggs;06/01/2015;2318;324.52
Fresh Fruits;04/02/2015;1826;693.88
Flour;1/26/2018;1328;252.32
Cookies;11/13/2018;2142;599.76
Rice;09/11/2017;1639;442.53
Flour;8/23/2016;1867;578.77
Breads & Buns;9/27/2016;594;255.42
Soft Drinks;06/03/2018;711;63.99
Health Drinks;10/14/2017;1279;473.23
Flour;11/27/2017;2384;381.44
Organic Fruits;06/03/2018;1609;353.98
Health Drinks;07/03/2018;2237;492.14
Cookies;9/17/2015;743;245.19
Noodles;12/22/2018;1096;438.4
Noodles;8/13/2018;1827;383.67
Organic Staples;11/03/2018;2005;761.9
Meat;4/28/2018;1309;562.87
Cookies;06/12/2016;1289;206.24
Health Drinks;12/08/2017;1291;516.4
Soft Drinks;12/03/2016;2137;384.66
Health Drinks;01/08/2017;754;67.86
Fish;1/14/2018;517;25.85
Fish;9/17/2016;2129;638.7
Edible Oil & Ghee;11/30/2018;1642;213.46
Noodles;09/02/2017;2235;402.3
Health Drinks;12/08/2017;1722;154.98
Flour;12/08/2017;1918;326.06
Noodles;11/04/2018;619;259.98
Legumes;6/21/2016;1769;778.36
Noodles;10/23/2018;2453;883.08
Eggs;11/30/2016;986;285.94
Chocolates;4/25/2015;1553;543.55
Health Drinks;12/09/2017;1849;462.25
Biscuits;09/08/2017;2386;429.48
Legumes;09/05/2018;1764;546.84
Organic Staples;4/16/2017;1913;153.04
Flour;12/01/2015;2306;392.02
Eggs;11/13/2016;1939;814.38
Cakes;06/09/2016;2137;854.8
Biscuits;11/17/2018;521;218.82
Organic Staples;03/08/2017;2044;735.84
Salt;06/03/2018;1104;309.12
Chocolates;02/02/2015;612;153
Rice;12/21/2016;1549;480.19
Cookies;8/15/2017;1257;75.42
Salt;11/04/2018;1976;197.6
Chicken;09/09/2015;1379;193.06
Meat;12/04/2018;2208;794.88
Flour;9/19/2015;1130;406.8
Organic Staples;9/29/2017;2332;559.68
Fish;2/22/2017;795;302.1
Fresh Fruits;11/10/2015;2337;140.22
Organic Fruits;08/05/2015;2125;595
Spices;09/01/2018;1045;83.6
Organic Vegetables;08/12/2018;2480;694.4
Spices;12/18/2017;1952;624.64
Organic Fruits;11/08/2016;1431;472.23
Organic Vegetables;07/08/2018;1438;186.94
Cakes;10/12/2016;1791;680.58
Organic Vegetables;09/02/2017;1491;357.84
Biscuits;12/19/2016;1624;617.12
Meat;5/13/2015;1705;119.35
Organic Staples;11/09/2017;1082;194.76
Fresh Fruits;12/18/2017;919;330.84
Health Drinks;5/16/2015;582;197.88
Salt;4/17/2016;2064;123.84
Cakes;7/14/2018;1883;508.41
Fresh Fruits;7/26/2015;959;76.72
Spices;9/18/2018;1085;97.65
Organic Fruits;06/11/2017;839;318.82
Eggs;7/29/2018;1135;295.1
Chicken;4/13/2016;2078;706.52
Cakes;7/18/2016;2239;470.19
Health Drinks;10/14/2018;1088;402.56
Fresh Vegetables;3/25/2015;2264;543.36
Fish;11/07/2018;1629;537.57
Soft Drinks;08/07/2018;648;77.76
Health Drinks;2/13/2018;990;445.5
Soft Drinks;11/05/2017;1354;541.6
Chocolates;04/11/2018;1169;409.15
Flour;11/18/2017;1252;112.68
Chocolates;08/12/2018;883;114.79
Biscuits;12/10/2017;1545;247.2
Breads & Buns;05/12/2017;1938;368.22
Spices;04/11/2015;1455;276.45
Noodles;5/28/2017;2259;225.9
Noodles;11/10/2018;1485;668.25
Cakes;03/03/2018;1841;589.12
Rice;10/07/2018;1091;403.67
Noodles;8/31/2015;886;380.98
Cakes;4/17/2018;771;177.33
Fish;3/14/2015;1414;254.52
Rice;11/24/2018;1825;237.25
Organic Fruits;11/21/2018;2412;964.8
Edible Oil & Ghee;7/18/2017;2367;284.04
Cakes;09/04/2018;1576;677.68
Breads & Buns;10/09/2015;1463;526.68
Fresh Fruits;07/08/2017;1460;481.8
Legumes;12/06/2017;1126;157.64
Fish;11/12/2017;2159;194.31
Eggs;8/17/2016;2306;784.04
Eggs;9/19/2018;1001;400.4
Chocolates;9/23/2018;2378;428.04
Salt;03/09/2018;1927;616.64
Spices;03/06/2016;1927;501.02
Cookies;5/28/2017;2196;241.56
Fresh Vegetables;9/29/2015;1879;563.7
Cookies;11/04/2017;767;168.74
Spices;08/02/2016;2357;872.09
Spices;9/19/2018;1238;247.6
Health Drinks;12/24/2016;1307;287.54
Salt;09/02/2018;1863;577.53
Organic Fruits;2/26/2018;800;88
Meat;6/23/2016;1094;382.9
Chicken;12/06/2016;1378;537.42
Breads & Buns;9/21/2015;2150;150.5
Chocolates;11/29/2015;2432;608
Organic Vegetables;10/30/2018;2053;554.31
Health Drinks;11/02/2015;1215;267.3
Fresh Fruits;9/18/2017;1320;580.8
Organic Vegetables;05/12/2016;1778;693.42
Fish;04/11/2015;1559;498.88
Edible Oil & Ghee;7/26/2015;1026;348.84
Organic Staples;9/27/2017;1759;422.16
Chicken;10/18/2016;2034;711.9
Biscuits;08/08/2015;2084;166.72
Health Drinks;9/25/2017;1017;355.95
Health Drinks;1/30/2016;1296;259.2
Cakes;04/02/2016;2295;780.3
Fish;5/26/2017;2318;301.34
Chocolates;8/23/2017;513;87.21
Rice;12/31/2017;2159;928.37
Biscuits;12/15/2018;1919;95.95
Chocolates;6/23/2016;893;348.27
Meat;8/15/2017;522;182.7
Edible Oil & Ghee;4/22/2016;855;136.8
Organic Fruits;06/09/2017;2311;323.54
Noodles;1/20/2018;1206;144.72
Cookies;8/28/2016;1938;542.64
Organic Staples;12/30/2016;2194;504.62
Fish;12/29/2018;1575;504
Organic Staples;11/08/2015;2021;727.56
Noodles;7/14/2017;1560;140.4
Cookies;1/20/2018;2392;765.44
Cakes;08/07/2018;2398;407.66
Flour;7/14/2018;1063;457.09
Organic Fruits;8/28/2017;2305;645.4
Organic Staples;11/01/2015;1709;683.6
Chocolates;12/08/2015;2474;841.16
Soft Drinks;06/10/2018;799;287.64
Fresh Vegetables;12/06/2017;533;186.55
Fresh Fruits;11/30/2015;1236;395.52
Breads & Buns;8/17/2016;1450;522
Organic Vegetables;12/11/2016;2274;159.18
Meat;05/10/2016;2316;764.28
Organic Vegetables;11/04/2015;2436;267.96
Health Drinks;4/18/2015;2095;167.6
Soft Drinks;12/29/2015;2061;123.66
Spices;08/06/2017;2337;747.84
Biscuits;11/27/2018;979;323.07
Salt;09/02/2017;706;42.36
Flour;6/24/2017;1585;713.25
Soft Drinks;02/05/2017;1975;553
Edible Oil & Ghee;11/17/2016;976;283.04
Spices;5/26/2017;2128;446.88
Breads & Buns;08/10/2016;884;282.88
Cookies;11/26/2015;2185;174.8
Eggs;04/02/2016;570;119.7
Cookies;8/16/2016;2482;992.8
Organic Vegetables;11/13/2018;868;78.12
Soft Drinks;11/25/2015;2208;794.88
Fresh Vegetables;8/30/2017;1402;476.68
Fresh Vegetables;7/25/2016;2411;675.08
Eggs;6/18/2015;1151;253.22
Organic Staples;2/22/2017;1419;170.28
Breads & Buns;12/19/2016;2248;112.4
Chocolates;08/07/2018;1241;322.66
Fresh Vegetables;4/17/2016;1594;318.8
Spices;05/10/2015;1561;156.1
Chicken;05/10/2015;2442;634.92
Fresh Fruits;8/14/2017;770;53.9
Cookies;12/30/2016;2340;468
Meat;5/22/2016;1944;388.8
Fish;06/08/2018;1353;202.95
Cakes;09/07/2018;2333;839.88
Organic Staples;5/22/2016;1653;743.85
Health Drinks;10/07/2018;2442;805.86
Health Drinks;11/04/2015;2334;816.9
Fresh Fruits;9/15/2018;1140;478.8
Chocolates;11/20/2016;2369;829.15
Biscuits;05/07/2018;1599;431.73
Breads & Buns;08/10/2016;1042;166.72
Rice;8/25/2015;1120;67.2
Soft Drinks;9/25/2017;1714;599.9
Fresh Vegetables;11/10/2015;1024;286.72
Rice;08/12/2015;944;94.4
Eggs;08/12/2018;1154;346.2
Flour;6/26/2018;1084;314.36
Chocolates;8/23/2015;1417;510.12
Legumes;5/20/2018;2406;312.78
Cakes;12/08/2015;2286;342.9
Cakes;9/17/2015;1187;189.92
Salt;10/07/2018;1448;637.12
Cookies;10/02/2018;1712;650.56
Health Drinks;9/17/2015;1089;468.27
Legumes;1/26/2015;1384;484.4
Breads & Buns;11/23/2018;643;186.47
Biscuits;12/23/2017;624;149.76
Flour;09/08/2018;2416;1087.2
Organic Staples;07/02/2017;2472;494.4
Noodles;03/03/2017;659;171.34
Edible Oil & Ghee;8/26/2017;1747;262.05
Soft Drinks;11/19/2018;1786;303.62
Noodles;09/04/2018;1782;463.32
Chocolates;03/01/2016;2421;266.31
Breads & Buns;09/08/2018;2068;372.24
Meat;09/05/2017;1160;382.8
Fresh Vegetables;9/21/2016;1863;428.49
Noodles;11/12/2017;1512;453.6
Health Drinks;05/04/2016;2190;262.8
Soft Drinks;12/05/2017;1740;626.4
Cookies;5/14/2018;1776;88.8
Soft Drinks;6/29/2018;1870;523.6
Noodles;8/24/2015;2231;133.86
Organic Staples;10/23/2018;2079;914.76
Chocolates;10/23/2018;1556;373.44
Legumes;2/21/2017;1517;530.95
Salt;6/29/2018;605;151.25
Rice;10/16/2018;1459;218.85
Eggs;8/17/2018;856;171.2
Rice;3/24/2018;1888;283.2
Spices;11/03/2016;1324;198.6
Biscuits;11/01/2015;2234;357.44
Rice;4/20/2018;1672;167.2
Breads & Buns;07/03/2016;2368;1018.24
Rice;4/20/2018;2270;817.2
Eggs;12/04/2018;1790;304.3
Eggs;5/29/2016;1715;240.1
Chocolates;10/09/2018;1992;657.36
Breads & Buns;07/03/2016;1332;372.96
Cookies;5/29/2016;2101;525.25
Fish;10/23/2018;1620;729
Biscuits;07/11/2016;1302;429.66
Fresh Vegetables;10/23/2018;1326;159.12
Fresh Vegetables;12/22/2016;1258;515.78
Rice;1/14/2015;1715;771.75
Biscuits;5/18/2018;2416;241.6
Spices;04/01/2018;2368;355.2
Health Drinks;8/27/2015;2427;946.53
Edible Oil & Ghee;7/15/2018;1940;737.2
Rice;8/27/2015;528;232.32
Legumes;11/06/2017;2091;104.55
Biscuits;12/05/2016;2422;678.16
Rice;11/06/2017;1311;157.32
Legumes;07/05/2015;568;62.48
Soft Drinks;11/30/2016;1715;411.6
Biscuits;05/09/2018;1106;210.14
Chocolates;06/11/2016;1571;298.49
Fresh Vegetables;3/19/2015;824;230.72
Soft Drinks;3/19/2015;2306;553.44
Biscuits;07/05/2015;1589;444.92
Biscuits;6/18/2016;1513;484.16
Health Drinks;06/11/2016;1447;202.58
Chicken;07/02/2016;2465;690.2
Chicken;11/04/2018;1840;239.2
Fresh Vegetables;10/20/2015;2139;556.14
Soft Drinks;3/28/2018;666;259.74
Edible Oil & Ghee;01/08/2018;743;118.88
Cakes;9/13/2016;567;249.48
Salt;02/03/2016;1901;684.36
Salt;9/13/2016;680;292.4
Noodles;4/15/2018;1298;272.58
Fresh Fruits;09/06/2015;1762;176.2
Organic Vegetables;05/05/2017;1375;261.25
Flour;9/13/2016;2398;167.86
Noodles;3/28/2018;1714;548.48
Fish;05/04/2015;933;121.29
Cookies;9/25/2017;1332;159.84
Biscuits;11/16/2015;563;180.16
Health Drinks;10/27/2018;1615;581.4
Eggs;10/28/2015;2397;934.83
Organic Staples;8/31/2016;1441;389.07
Fresh Vegetables;04/01/2018;1061;435.01
Breads & Buns;10/10/2017;1981;435.82
Rice;10/27/2018;2016;262.08
Meat;12/14/2017;1341;362.07
Eggs;10/21/2018;1629;488.7
Rice;3/14/2017;1424;185.12
Chicken;8/16/2017;1844;147.52
Salt;9/13/2016;701;35.05
Cakes;10/10/2016;2229;222.9
Biscuits;11/09/2018;1322;462.7
Chocolates;10/15/2018;2154;172.32
Flour;11/10/2018;663;212.16
Soft Drinks;8/26/2017;2191;525.84
Noodles;3/15/2017;2215;575.9
Fish;09/11/2016;1784;410.32
Fish;6/25/2015;2072;890.96
Fish;12/28/2018;2351;1057.95
Fresh Fruits;10/10/2017;1466;234.56
Rice;05/11/2018;1600;288
Fresh Vegetables;11/18/2018;2496;299.52
Salt;11/08/2016;1451;101.57
Organic Fruits;08/12/2018;960;297.6
Chocolates;10/28/2017;759;68.31
Cakes;11/08/2016;2140;963
Fish;9/19/2015;1746;87.3
Chicken;11/23/2017;2172;152.04
Health Drinks;11/23/2017;2328;954.48
Meat;11/24/2015;771;107.94
Edible Oil & Ghee;12/11/2017;1358;543.2
Spices;12/04/2018;1122;269.28
Biscuits;12/11/2017;1200;180
Salt;9/15/2016;1317;263.4
Organic Vegetables;9/15/2016;2201;748.34
Fish;11/15/2017;2293;710.83
Spices;9/26/2018;2091;460.02
Breads & Buns;03/03/2017;1546;386.5
Noodles;1/16/2018;540;124.2
Flour;09/01/2018;1141;102.69
Organic Staples;9/24/2017;2108;927.52
Eggs;09/10/2018;1659;663.6
Noodles;7/16/2016;1602;416.52
Fresh Vegetables;7/16/2016;1483;652.52
Eggs;6/14/2017;511;25.55
Health Drinks;1/16/2018;1792;645.12
Edible Oil & Ghee;10/25/2016;2229;958.47
Health Drinks;8/13/2017;685;47.95
Salt;1/13/2018;2120;169.6
Fresh Fruits;7/25/2017;1581;110.67
Fresh Vegetables;5/27/2017;711;298.62
Meat;04/02/2017;1997;219.67
Noodles;7/25/2017;2324;836.64
Salt;06/01/2018;695;125.1
Chocolates;4/18/2016;1842;626.28
Legumes;07/07/2017;679;40.74
Cakes;11/23/2015;1207;434.52
Soft Drinks;5/28/2018;584;35.04
Chicken;12/01/2015;814;350.02
Health Drinks;11/21/2016;1866;223.92
Cakes;12/02/2017;2395;670.6
Edible Oil & Ghee;5/31/2016;1254;238.26
Edible Oil & Ghee;12/23/2017;2178;348.48
Noodles;02/09/2016;1343;470.05
Soft Drinks;7/16/2017;2016;665.28
Chocolates;5/20/2015;1925;231
Meat;9/14/2015;1518;607.2
Noodles;11/10/2018;729;167.67
Organic Fruits;07/07/2017;608;42.56
Legumes;12/22/2018;1102;352.64
Organic Staples;12/05/2017;2409;794.97
Spices;1/25/2017;2451;539.22
Biscuits;10/13/2015;1562;609.18
Organic Staples;05/08/2017;1981;277.34
Soft Drinks;5/31/2016;1428;128.52
Flour;09/11/2016;2384;309.92
Noodles;11/07/2018;557;178.24
Health Drinks;11/13/2018;1799;683.62
Fish;11/20/2018;2374;379.84
Eggs;11/24/2017;1438;143.8
Soft Drinks;08/05/2015;2176;413.44
Cookies;09/09/2015;841;201.84
Cookies;5/20/2015;619;210.46
Biscuits;5/28/2018;1657;579.95
Organic Staples;7/24/2017;568;232.88
Cookies;12/20/2015;1206;518.58
Biscuits;9/15/2016;2171;868.4
Legumes;01/09/2017;1853;111.18
Organic Vegetables;03/05/2016;1946;603.26
Meat;11/11/2015;1046;62.76
Rice;6/19/2018;1240;446.4
Soft Drinks;7/14/2017;2498;299.76
Fresh Fruits;10/09/2017;1447;159.17
Organic Fruits;12/31/2015;1114;89.12
Meat;03/05/2016;1280;371.2
Cakes;3/13/2017;1977;177.93
Noodles;6/19/2018;2475;470.25
Cookies;12/15/2015;1254;250.8
Chocolates;11/26/2017;1340;522.6
Soft Drinks;1/25/2017;1479;562.02
Chocolates;12/30/2015;2052;410.4
Fresh Vegetables;4/29/2018;2091;752.76
Cookies;10/31/2015;2383;881.71
Fresh Fruits;11/11/2015;1331;439.23
Breads & Buns;6/28/2016;1913;707.81
Cookies;11/25/2018;2458;467.02
Soft Drinks;10/02/2018;1333;239.94
Soft Drinks;11/28/2017;1979;435.38
Fresh Fruits;11/02/2018;2271;817.56
Fresh Vegetables;11/28/2015;1254;539.22
Organic Staples;10/18/2015;2067;826.8
Salt;3/20/2017;665;146.3
Organic Staples;07/05/2016;1900;475
Legumes;04/01/2018;1100;209
Spices;5/19/2018;2407;481.4
Fresh Fruits;7/17/2016;1517;166.87
Cakes;04/10/2018;1944;311.04
Rice;12/16/2015;1328;544.48
Chocolates;12/09/2017;1842;313.14
Edible Oil & Ghee;11/04/2017;1430;214.5
Breads & Buns;8/27/2018;2076;539.76
Health Drinks;12/16/2018;1646;197.52
Meat;3/13/2017;1418;255.24
Legumes;10/19/2018;573;126.06
Biscuits;06/09/2015;726;196.02
Noodles;9/17/2018;1603;112.21
Cakes;11/25/2015;1958;313.28
Flour;6/27/2018;1968;806.88
Fresh Vegetables;02/09/2018;588;170.52
Soft Drinks;12/04/2016;2018;565.04
Health Drinks;3/24/2016;1364;422.84
Fish;6/20/2016;1212;278.76
Salt;8/19/2015;976;97.6
Organic Fruits;7/17/2018;1223;61.15
Spices;07/02/2017;1053;294.84
Soft Drinks;11/04/2017;2039;570.92
Biscuits;10/03/2015;853;93.83
Noodles;12/16/2018;2450;1053.5
Soft Drinks;12/16/2018;1397;363.22
Meat;8/31/2018;814;260.48
Soft Drinks;08/02/2017;787;165.27
Salt;12/14/2016;530;153.7
Soft Drinks;06/03/2017;1489;253.13
Fresh Fruits;10/19/2018;822;271.26
Chicken;8/27/2018;1512;105.84
Fresh Fruits;10/03/2015;797;47.82
Health Drinks;03/01/2016;717;78.87
Health Drinks;03/12/2017;1501;570.38
Soft Drinks;11/04/2017;1070;278.2
Legumes;09/04/2018;2426;291.12
Health Drinks;02/11/2018;930;158.1
Health Drinks;10/30/2016;1278;383.4
Spices;8/21/2018;2174;956.56
Edible Oil & Ghee;12/25/2016;619;80.47
Organic Staples;05/07/2018;2302;161.14
Fish;3/25/2018;1232;492.8
Fresh Vegetables;05/07/2018;1392;417.6
Biscuits;12/10/2016;1003;120.36
Flour;9/25/2017;1899;341.82
Soft Drinks;04/08/2018;2084;521
Meat;09/05/2016;2317;417.06
Organic Fruits;12/24/2016;696;180.96
Edible Oil & Ghee;11/10/2017;1956;215.16
Soft Drinks;9/22/2017;1747;331.93
Edible Oil & Ghee;3/14/2017;1618;436.86
Organic Staples;12/10/2016;890;284.8
Fresh Fruits;12/09/2018;1856;686.72
Salt;10/31/2017;1800;270
Soft Drinks;7/20/2018;1986;575.94
Spices;11/18/2015;1364;231.88
Noodles;3/25/2018;2343;374.88
Rice;3/26/2018;717;107.55
Legumes;04/08/2018;2317;718.27
Fresh Vegetables;6/20/2017;2265;543.6
Eggs;9/21/2016;523;146.44
Soft Drinks;9/24/2018;2267;566.75
Health Drinks;2/20/2015;602;108.36
Spices;11/13/2017;511;178.85
Breads & Buns;05/07/2018;1083;357.39
Fish;12/18/2018;1505;90.3
Chocolates;01/08/2017;1490;521.5
Cookies;11/11/2017;2291;939.31
Cookies;3/25/2018;1912;133.84
Edible Oil & Ghee;01/03/2017;2130;532.5
Organic Fruits;11/29/2016;1608;369.84
Organic Staples;11/25/2017;1763;423.12
Organic Fruits;9/25/2017;563;101.34
Fish;09/10/2016;988;256.88
Salt;8/28/2016;784;305.76
Spices;11/11/2017;1900;133
Organic Staples;12/28/2018;2394;335.16
Fresh Vegetables;11/19/2018;1802;630.7
Cookies;3/21/2017;978;440.1
Edible Oil & Ghee;2/16/2017;1430;643.5
Rice;6/27/2017;1136;193.12
Chocolates;02/08/2017;2448;905.76
Fresh Vegetables;4/18/2017;1427;499.45
Rice;3/15/2017;1334;466.9
Cookies;7/21/2015;1341;187.74
Fresh Vegetables;9/26/2017;703;189.81
Cookies;11/20/2017;1433;515.88
Soft Drinks;11/25/2015;1863;652.05
Cakes;09/05/2017;859;154.62
Spices;10/24/2016;1230;467.4
Organic Vegetables;12/27/2017;1903;114.18
Fresh Fruits;05/11/2015;973;214.06
Soft Drinks;11/12/2015;1742;191.62
Rice;11/13/2018;945;349.65
Chicken;08/06/2016;557;144.82
Organic Vegetables;4/27/2018;549;170.19
Fresh Vegetables;05/06/2018;1503;240.48
Fish;9/27/2017;1987;178.83
Chicken;10/09/2018;560;190.4
Cookies;10/09/2018;1548;170.28
Noodles;5/18/2018;1861;576.91
Health Drinks;11/16/2016;2246;449.2
Cookies;12/15/2015;2252;360.32
Rice;12/28/2018;633;69.63
Organic Vegetables;02/02/2017;912;355.68
Fish;9/17/2016;1464;614.88
Edible Oil & Ghee;11/23/2015;1844;737.6
Edible Oil & Ghee;12/13/2015;2149;107.45
Noodles;5/18/2018;1158;405.3
Fresh Fruits;12/28/2018;900;252
Organic Fruits;11/25/2015;1466;498.44
Flour;10/08/2016;650;286
Organic Fruits;11/20/2017;1546;92.76
Noodles;3/31/2016;1744;540.64
Fresh Vegetables;12/02/2015;1006;181.08
Noodles;12/02/2015;551;209.38
Health Drinks;08/05/2016;1340;227.8
Soft Drinks;10/03/2017;2278;432.82
Breads & Buns;4/18/2017;1456;72.8
Fresh Vegetables;10/23/2017;861;301.35
Cookies;06/11/2017;1698;237.72
Chicken;10/08/2017;677;33.85
Fresh Vegetables;07/05/2018;842;227.34
Chicken;4/30/2016;604;181.2
Edible Oil & Ghee;12/24/2018;2234;938.28
Soft Drinks;03/02/2018;2425;266.75
Flour;09/10/2016;915;411.75
Meat;07/08/2018;1449;478.17
Fish;9/17/2017;1569;423.63
Health Drinks;5/28/2018;1690;253.5
Health Drinks;4/16/2017;2074;871.08
Organic Staples;09/02/2018;1886;339.48
Flour;05/02/2017;1090;65.4
Meat;11/22/2017;1918;671.3
Biscuits;07/06/2016;1762;193.82
Chicken;12/05/2018;1575;267.75
Meat;9/18/2018;743;156.03
Cookies;09/12/2017;1371;575.82
Salt;01/02/2017;625;37.5
Fish;12/10/2016;1599;271.83
Fish;07/11/2015;1848;535.92
Spices;12/26/2017;1021;61.26
Breads & Buns;12/23/2018;898;53.88
Organic Vegetables;11/17/2015;1523;167.53
Health Drinks;12/02/2015;2304;184.32
Organic Vegetables;7/22/2017;952;409.36
Fish;05/02/2018;1174;129.14
Health Drinks;11/27/2017;1035;124.2
Fresh Fruits;07/06/2016;1658;381.34
Eggs;12/05/2018;1833;109.98
Cookies;10/13/2017;1693;220.09
Fish;05/12/2017;2349;305.37
Fresh Vegetables;11/28/2016;1256;314
Breads & Buns;08/09/2016;2165;411.35
Noodles;9/30/2015;1442;115.36
Chocolates;6/26/2017;1431;143.1
Health Drinks;9/15/2018;2170;651
Flour;07/08/2018;2251;810.36
Organic Vegetables;12/25/2017;968;367.84
Soft Drinks;7/20/2018;515;190.55
Chicken;07/09/2017;1477;236.32
Soft Drinks;11/08/2016;1840;644
Biscuits;10/25/2016;2344;421.92
Breads & Buns;4/30/2016;1484;608.44
Organic Vegetables;4/30/2016;1379;482.65
Salt;9/15/2018;1632;603.84
Breads & Buns;4/14/2018;2112;612.48
Health Drinks;11/27/2015;2332;139.92
Edible Oil & Ghee;05/02/2017;2209;861.51
Noodles;12/12/2017;1580;442.4
Edible Oil & Ghee;2/21/2017;2127;191.43
Health Drinks;11/19/2015;1110;377.4
Fresh Vegetables;12/02/2015;1297;129.7
Legumes;07/11/2015;754;294.06
Cakes;11/08/2018;2148;300.72
Cakes;10/23/2018;1536;675.84
Organic Staples;02/03/2016;1045;94.05
Edible Oil & Ghee;7/20/2018;1009;312.79
Salt;4/16/2016;1617;549.78
Organic Staples;07/09/2017;1620;534.6
Organic Staples;10/05/2018;1135;454
Breads & Buns;11/11/2017;2086;667.52
Soft Drinks;12/25/2017;1319;342.94
Salt;04/07/2017;806;314.34
Soft Drinks;09/02/2018;729;138.51
Breads & Buns;11/24/2018;1230;356.7
Chicken;06/05/2016;1416;84.96
Soft Drinks;8/21/2016;871;200.33
Breads & Buns;9/26/2015;1537;676.28
Fresh Vegetables;11/02/2018;1140;330.6
Organic Fruits;05/03/2018;2176;544
Soft Drinks;12/04/2018;2469;197.52
Breads & Buns;09/07/2015;1485;608.85
Cookies;09/09/2018;2488;945.44
Breads & Buns;12/13/2018;902;279.62
Noodles;8/16/2016;1557;669.51
Meat;9/15/2015;2038;305.7
Chicken;12/25/2016;1398;629.1
Salt;05/08/2016;2101;609.29
Soft Drinks;9/23/2017;1553;481.43
Salt;7/19/2015;1178;141.36
Organic Fruits;09/09/2018;561;235.62
Spices;8/21/2016;664;225.76
Spices;05/08/2018;2143;578.61
Legumes;6/25/2017;1915;689.4
Noodles;11/28/2017;541;43.28
Salt;2/27/2016;1029;463.05
Organic Staples;12/04/2018;951;389.91
Chicken;09/02/2018;1416;311.52
Breads & Buns;10/16/2017;1504;391.04
Organic Fruits;9/29/2015;606;212.1
Cakes;8/24/2016;633;151.92
Soft Drinks;09/07/2016;1822;583.04
Health Drinks;06/03/2018;636;38.16
Meat;12/25/2017;957;86.13
Meat;12/23/2015;1738;208.56
Organic Staples;10/21/2017;2448;783.36
Rice;9/29/2015;673;114.41
Cookies;6/14/2017;1727;276.32
Noodles;06/06/2015;657;98.55
Salt;3/17/2015;640;288
Meat;6/17/2017;2307;553.68
Salt;3/17/2015;2009;241.08
Eggs;8/29/2017;1395;558
Spices;05/03/2018;1375;288.75
Salt;3/17/2015;1519;288.61
Fresh Vegetables;12/27/2016;2257;248.27
Organic Fruits;5/28/2018;2023;890.12
Rice;8/29/2017;1158;497.94
Fresh Vegetables;03/03/2015;1393;181.09
Legumes;7/18/2017;1943;174.87
Cakes;3/27/2017;1846;516.88
Chocolates;12/14/2016;871;330.98
Health Drinks;12/10/2018;1384;346
Salt;04/02/2015;1664;682.24
Cookies;7/25/2016;1058;190.44
Chicken;6/23/2016;2038;591.02
Legumes;09/12/2017;1697;305.46
Cookies;10/11/2015;1464;409.92
Cookies;3/27/2017;2299;137.94
Spices;9/18/2018;615;147.6
Biscuits;10/22/2015;1852;203.72
Noodles;10/21/2015;2448;709.92
Organic Fruits;10/18/2015;832;41.6
Organic Fruits;4/20/2016;890;356
Cakes;04/08/2018;1954;449.42
Chocolates;09/08/2016;1355;298.1
Health Drinks;04/08/2015;1955;97.75
Chocolates;5/30/2017;2355;235.5
Organic Fruits;8/20/2015;1729;622.44
Chocolates;01/04/2016;1082;238.04
Rice;12/11/2018;2435;146.1
Organic Fruits;9/20/2017;2492;822.36
Rice;11/08/2016;1406;435.86
Noodles;11/20/2017;1626;715.44
Organic Fruits;12/27/2016;630;176.4
Rice;4/29/2015;570;125.4
Cakes;07/05/2016;2127;914.61
Flour;9/20/2017;2410;915.8
Organic Fruits;06/04/2018;1831;530.99
Flour;6/30/2018;1870;598.4
Organic Fruits;6/26/2018;930;269.7
Salt;11/12/2016;1599;271.83
Meat;11/05/2016;867;60.69
Soft Drinks;06/08/2015;537;182.58
Soft Drinks;10/04/2017;519;155.7
Health Drinks;5/14/2017;1644;657.6
Cakes;03/12/2016;816;367.2
Fresh Vegetables;05/01/2016;1983;634.56
Fresh Fruits;12/27/2016;1443;187.59
Legumes;03/12/2016;1080;118.8
Salt;08/01/2015;2003;781.17
Breads & Buns;02/06/2017;833;116.62
Fresh Fruits;6/15/2018;2189;525.36
Rice;11/12/2016;1842;478.92
Eggs;4/17/2017;808;177.76
Biscuits;12/18/2016;569;119.49
Salt;11/04/2017;2098;860.18
Cakes;06/08/2016;1609;273.53
Cookies;4/14/2018;1071;74.97
Organic Staples;5/28/2017;1472;73.6
Noodles;4/30/2018;1224;489.6
Cookies;11/26/2016;2219;110.95
Organic Fruits;6/15/2018;1344;362.88
Rice;10/16/2018;1468;528.48
Fish;12/11/2018;725;253.75
Breads & Buns;08/12/2017;1660;348.6
Meat;8/25/2015;1828;712.92
Salt;3/16/2016;2163;800.31
Spices;10/15/2018;1568;266.56
Salt;4/13/2016;1093;109.3
Fresh Fruits;04/06/2015;1146;252.12
Fresh Fruits;9/18/2016;1666;299.88
Fresh Vegetables;3/22/2016;1188;534.6
Organic Fruits;02/02/2018;2091;334.56
Organic Staples;12/05/2016;1003;451.35
Spices;12/08/2015;517;67.21
Fresh Vegetables;4/30/2018;1804;306.68
Salt;12/28/2018;1934;464.16
Biscuits;11/18/2015;1496;149.6
Breads & Buns;11/19/2017;632;56.88
Health Drinks;10/30/2018;943;66.01
Spices;11/16/2016;937;168.66
Rice;5/14/2016;2444;342.16
Legumes;9/24/2016;1958;665.72
Flour;8/29/2018;2212;995.4
Cakes;11/07/2017;636;63.6
Meat;12/08/2015;1491;178.92
Fish;12/02/2017;825;49.5
Edible Oil & Ghee;8/18/2018;529;111.09
Organic Vegetables;9/15/2017;1011;333.63
Soft Drinks;04/06/2015;1024;378.88
Organic Vegetables;01/10/2017;1226;392.32
Chocolates;11/18/2015;1515;212.1
Soft Drinks;10/05/2018;869;199.87
Health Drinks;12/29/2015;1483;533.88
Noodles;1/22/2017;2112;232.32
Flour;09/10/2016;1001;340.34
Organic Vegetables;10/20/2016;1083;292.41
Fresh Vegetables;12/29/2015;1093;295.11
Cookies;04/06/2015;1000;160
Flour;6/14/2017;1414;565.6
Cookies;7/30/2015;1275;63.75
Fish;12/29/2018;1805;794.2
Spices;12/18/2017;945;425.25
Eggs;5/30/2017;1852;629.68
Cakes;3/26/2016;1527;335.94
Breads & Buns;12/01/2018;1250;187.5
Cookies;5/26/2015;720;64.8
Legumes;9/16/2017;1808;379.68
Organic Vegetables;04/12/2015;1890;680.4
Health Drinks;9/23/2015;659;250.42
Salt;5/14/2016;777;108.78
Soft Drinks;9/26/2017;1465;205.1
Eggs;8/21/2016;1154;323.12
Breads & Buns;05/04/2018;1060;434.6
Health Drinks;7/21/2015;1237;556.65
Cookies;12/25/2017;2165;692.8
Soft Drinks;5/14/2016;808;266.64
Eggs;4/28/2017;1685;235.9
Organic Vegetables;9/18/2017;1602;224.28
Health Drinks;7/21/2015;703;231.99
Eggs;03/07/2015;823;370.35
Flour;7/26/2016;1841;128.87
Fresh Vegetables;3/22/2015;668;86.84
Spices;5/14/2016;1701;680.4
Biscuits;12/26/2017;1345;497.65
Fresh Fruits;04/05/2016;1755;403.65
Fish;7/26/2018;721;281.19
Organic Staples;4/26/2015;828;66.24
Biscuits;10/31/2015;2142;771.12
Cakes;4/26/2016;602;90.3
Biscuits;11/09/2018;2207;617.96
Chocolates;7/18/2017;836;259.16
Legumes;7/18/2017;2353;188.24
Edible Oil & Ghee;12/10/2015;2384;596
Biscuits;7/15/2017;1563;296.97
Edible Oil & Ghee;9/23/2017;1852;111.12
Legumes;12/13/2015;1719;618.84
Spices;09/03/2016;916;219.84
Salt;10/13/2017;2231;624.68
Chocolates;9/23/2018;2416;507.36
Breads & Buns;10/05/2018;1700;629
Chicken;12/26/2017;1681;420.25
Cakes;9/14/2016;1544;602.16
Edible Oil & Ghee;7/13/2015;947;255.69
Meat;10/03/2018;1350;486
Chicken;07/08/2015;504;171.36
Chocolates;12/24/2016;2198;945.14
Salt;10/05/2018;1902;798.84
Organic Fruits;10/20/2017;1138;386.92
Chocolates;9/25/2016;1943;408.03
Soft Drinks;6/28/2016;801;184.23
Health Drinks;5/16/2015;734;58.72
Cookies;9/24/2017;2168;498.64
Organic Vegetables;12/16/2015;880;308
Biscuits;10/31/2017;2259;451.8
Fresh Fruits;12/02/2018;1802;90.1
Organic Staples;05/12/2018;1074;375.9
Chocolates;4/13/2018;1405;477.7
Meat;5/13/2015;1568;329.28
Breads & Buns;11/24/2017;1759;545.29
Cakes;12/24/2015;2387;644.49
Health Drinks;03/07/2015;2290;801.5
Cookies;12/02/2018;786;86.46
Fish;12/08/2017;1225;196
Meat;4/30/2017;1918;863.1
Legumes;9/22/2017;2490;697.2
Cookies;03/03/2018;1754;157.86
Chocolates;7/31/2017;1518;667.92
Legumes;9/19/2018;2036;875.48
Cookies;12/02/2018;2424;848.4
Noodles;9/18/2017;2439;999.99
Organic Staples;8/21/2017;1937;464.88
Spices;9/19/2015;888;257.52
Cakes;12/25/2017;1476;501.84
Spices;10/13/2017;2099;146.93
Breads & Buns;10/22/2018;1245;311.25
Rice;12/19/2017;795;87.45
Salt;9/19/2018;2396;622.96
Eggs;12/02/2018;2266;929.06
Spices;3/24/2017;574;109.06
Soft Drinks;9/21/2015;830;149.4
Legumes;9/21/2015;2328;628.56
Soft Drinks;1/26/2015;666;133.2
Noodles;10/06/2015;713;292.33
Organic Vegetables;11/19/2017;1708;427
Biscuits;9/21/2015;593;207.55
Health Drinks;11/27/2017;1487;282.53
Cookies;10/21/2018;841;201.84
Fresh Fruits;11/27/2017;1874;468.5
Spices;03/01/2016;577;57.7
Health Drinks;6/17/2018;1046;83.68
Fresh Vegetables;12/09/2015;1328;517.92
Organic Staples;11/23/2018;1399;251.82
Soft Drinks;9/23/2018;2351;423.18
Cakes;8/29/2018;2298;1034.1
Fresh Vegetables;5/25/2016;976;146.4
Organic Vegetables;09/04/2018;795;286.2
Soft Drinks;11/07/2015;1565;203.45
Flour;09/04/2018;1371;233.07
Rice;08/06/2016;2152;451.92
Health Drinks;12/09/2015;1480;370
Organic Vegetables;11/02/2018;944;84.96
Eggs;11/19/2018;1976;592.8
Legumes;8/29/2018;1576;189.12
Noodles;09/08/2018;1811;235.43
Rice;08/11/2018;1721;86.05
Spices;4/21/2018;796;71.64
Flour;11/14/2015;771;107.94
Chocolates;04/05/2015;2349;234.9
Organic Vegetables;04/05/2015;565;113
Fresh Fruits;07/09/2018;1411;352.75
Meat;09/08/2018;1879;206.69
Biscuits;06/09/2018;2427;995.07
Noodles;08/11/2018;761;114.15
Organic Staples;11/23/2018;2012;442.64
Salt;5/25/2016;2422;484.4
Biscuits;03/03/2017;1937;406.77
Salt;07/02/2017;2426;703.54
Organic Vegetables;11/01/2017;671;187.88
Fish;11/23/2018;2045;797.55
Fresh Vegetables;9/26/2017;1358;298.76
Fresh Vegetables;12/14/2015;2378;570.72
Fish;11/07/2015;1120;291.2
Chocolates;6/17/2018;1141;68.46
Salt;6/17/2018;2143;385.74
Chocolates;3/31/2018;2080;540.8
Organic Fruits;11/05/2018;2063;433.23
Meat;12/30/2017;1605;593.85
Chicken;9/24/2017;1563;406.38
Soft Drinks;09/08/2018;694;76.34
Edible Oil & Ghee;08/11/2018;2156;776.16
Edible Oil & Ghee;07/09/2018;1382;538.98
Salt;8/29/2018;1700;204
Meat;10/23/2018;1104;132.48
Meat;3/20/2016;793;142.74
Eggs;3/30/2017;2400;360
Salt;10/08/2018;1683;319.77
Cookies;09/03/2016;1692;541.44
Salt;5/14/2018;1726;189.86
Salt;09/10/2018;604;72.48
Spices;7/18/2016;1036;383.32
Spices;12/16/2017;2061;927.45
Fish;04/07/2017;1028;452.32
Soft Drinks;08/06/2017;1101;495.45
Soft Drinks;5/21/2017;998;349.3
Fresh Fruits;5/30/2015;1862;614.46
Spices;3/19/2018;1552;294.88
Soft Drinks;1/25/2017;1354;270.8
Health Drinks;09/12/2018;566;33.96
Organic Vegetables;9/29/2018;1944;330.48
Cookies;3/24/2018;1957;273.98
Chocolates;12/11/2018;1561;702.45
Organic Vegetables;12/31/2015;1112;278
Salt;11/07/2015;2401;600.25
Breads & Buns;7/16/2016;1186;59.3
Meat;11/15/2016;1853;129.71
Soft Drinks;6/29/2018;624;168.48
Chicken;11/07/2015;2179;501.17
Edible Oil & Ghee;5/30/2015;1979;376.01
Health Drinks;3/20/2016;1371;575.82
Noodles;5/14/2018;1055;295.4
Chicken;5/14/2018;661;79.32
Soft Drinks;3/30/2015;763;289.94
Cakes;5/14/2018;986;433.84
Fresh Fruits;1/25/2017;1693;474.04
Biscuits;11/15/2016;2462;984.8
Fresh Vegetables;07/11/2016;2354;635.58
Fresh Vegetables;09/03/2017;1706;136.48
Chocolates;09/12/2018;2452;465.88
Cakes;10/23/2018;2066;123.96
Salt;08/07/2016;833;174.93
Organic Vegetables;9/16/2015;1550;186
Noodles;4/23/2018;1447;332.81
Soft Drinks;4/20/2018;1795;574.4
Health Drinks;06/02/2017;972;427.68
Soft Drinks;4/24/2018;2325;395.25
Cookies;5/30/2015;2207;220.7
Soft Drinks;07/03/2016;1665;466.2
Organic Vegetables;12/22/2016;869;382.36
Health Drinks;9/25/2018;1022;388.36
Breads & Buns;3/20/2016;792;348.48
Spices;8/24/2015;1259;88.13
Cookies;09/10/2018;1958;724.46
Cookies;4/20/2018;627;150.48
Noodles;12/11/2017;1310;510.9
Flour;12/05/2015;827;181.94
Breads & Buns;12/30/2017;1204;216.72
Chicken;8/17/2018;1402;588.84
Fresh Fruits;5/29/2016;2395;431.1
Soft Drinks;2/27/2016;1355;420.05
Organic Staples;8/22/2016;2425;703.25
Fresh Vegetables;11/15/2016;1478;295.6
Legumes;12/05/2015;2377;665.56
Rice;9/30/2018;693;207.9
Rice;3/20/2016;2049;266.37
Meat;11/01/2015;2014;725.04
Eggs;4/24/2018;2003;741.11
Edible Oil & Ghee;4/24/2018;1470;426.3
Edible Oil & Ghee;11/01/2015;1584;681.12
Legumes;2/27/2016;937;93.7
Spices;4/23/2015;2181;174.48
Spices;4/23/2018;2098;293.72
Fish;9/25/2018;1247;374.1
Salt;8/28/2017;611;42.77
Fresh Fruits;11/13/2018;2158;366.86
Fresh Fruits;05/05/2015;1094;76.58
Soft Drinks;5/18/2018;597;185.07
Fish;05/05/2015;1173;527.85
Cakes;11/14/2016;1928;327.76
Salt;11/22/2015;2045;633.95
Edible Oil & Ghee;08/05/2018;660;118.8
Health Drinks;7/15/2018;1925;269.5
Edible Oil & Ghee;3/28/2017;1239;446.04
Chicken;5/26/2018;586;134.78
Soft Drinks;5/26/2018;829;223.83
Chicken;11/14/2016;1858;798.94
Chocolates;7/15/2018;650;234
Flour;01/06/2015;1243;385.33
Breads & Buns;11/26/2017;2481;471.39
Organic Vegetables;02/06/2016;1725;483
Chicken;02/06/2015;2477;123.85
Meat;4/16/2018;807;153.33
Chicken;11/26/2017;568;96.56
Chicken;02/06/2016;1972;414.12
Soft Drinks;02/01/2017;1355;135.5
Edible Oil & Ghee;5/18/2018;1677;620.49
Edible Oil & Ghee;11/26/2017;1333;466.55
Chocolates;09/03/2017;927;46.35
Legumes;8/27/2018;932;46.6
Health Drinks;8/26/2017;1838;514.64
Organic Fruits;06/11/2016;1377;165.24
Biscuits;11/06/2017;1943;835.49
Organic Fruits;11/06/2017;1460;146
Fish;07/02/2016;722;64.98
Health Drinks;06/11/2016;1284;256.8
Spices;07/03/2018;986;197.2
Health Drinks;05/09/2018;609;36.54
Eggs;9/14/2018;2354;329.56
Fresh Vegetables;05/05/2017;1411;253.98
Biscuits;3/19/2015;531;217.71
Cakes;10/20/2015;1905;685.8
Health Drinks;9/14/2018;1035;414
Cakes;3/19/2015;1818;472.68
Flour;6/18/2016;1769;760.67
Fish;06/11/2016;1113;434.07
Salt;8/13/2016;2213;287.69
Biscuits;06/11/2016;2273;386.41
Fresh Fruits;07/02/2016;1524;350.52
Health Drinks;4/15/2018;995;129.35
Health Drinks;6/18/2016;763;289.94
Flour;06/11/2016;1056;232.32
Eggs;3/19/2015;2221;932.82
Breads & Buns;07/05/2015;949;180.31
Soft Drinks;01/02/2018;503;100.6
Chocolates;01/02/2018;2081;749.16
Flour;9/30/2018;582;128.04
Flour;11/11/2015;1319;527.6
Flour;4/13/2018;1071;278.46
Fish;9/21/2018;1189;487.49
Biscuits;9/28/2016;1914;133.98
Legumes;7/30/2017;1279;511.6
Flour;9/23/2017;1398;139.8
Flour;12/19/2015;1389;416.7
Breads & Buns;9/13/2016;2445;978
Noodles;3/28/2018;1646;576.1
Organic Fruits;12/04/2018;519;36.33
Fish;7/20/2015;1104;331.2
Organic Fruits;12/02/2018;1656;513.36
Edible Oil & Ghee;12/02/2018;1834;623.56
Meat;9/30/2018;1968;846.24
Cookies;3/19/2016;2010;402
Legumes;10/28/2015;2069;724.15
Salt;10/28/2015;2220;999
Edible Oil & Ghee;11/17/2015;2370;663.6
Fresh Fruits;9/28/2016;1396;307.12
Edible Oil & Ghee;9/23/2017;1826;456.5
Cakes;11/16/2016;2246;247.06
Organic Vegetables;10/10/2016;2361;708.3
Organic Vegetables;12/06/2017;703;274.17
Organic Fruits;3/28/2018;1909;267.26
Biscuits;9/30/2018;1339;307.97
Chocolates;11/16/2015;1244;223.92
Cookies;7/20/2015;2001;100.05
Fresh Fruits;3/19/2016;2457;515.97
Salt;05/04/2015;590;35.4
Cookies;7/20/2015;1790;161.1
Cakes;11/20/2016;684;75.24
Spices;3/28/2018;1802;108.12
Meat;12/19/2015;2190;788.4
Organic Fruits;11/12/2016;1919;211.09
Health Drinks;10/15/2018;920;349.6
Chocolates;12/24/2017;503;115.69
Edible Oil & Ghee;10/28/2015;1073;375.55
Fresh Fruits;9/25/2018;941;329.35
Chicken;12/25/2017;1361;231.37
Biscuits;10/10/2016;1531;382.75
Biscuits;11/17/2015;791;324.31
Organic Vegetables;3/28/2018;685;68.5
Eggs;12/06/2015;672;302.4
Organic Vegetables;09/06/2015;2070;248.4
Salt;12/02/2018;1756;280.96
Edible Oil & Ghee;12/14/2017;1987;258.31
Fresh Vegetables;3/23/2016;1115;89.2
Soft Drinks;03/08/2016;557;194.95
Fresh Fruits;08/04/2018;752;90.24
Organic Staples;10/21/2018;854;384.3
Breads & Buns;07/04/2015;2011;784.29
Spices;09/11/2017;1929;810.18
Cookies;04/04/2015;1613;661.33
Fish;10/28/2015;1640;639.6
Eggs;3/15/2017;1476;546.12
Noodles;05/05/2017;2468;394.88
Chocolates;11/11/2015;1581;300.39
Meat;10/02/2015;2248;179.84
Spices;09/11/2017;1561;577.57
Edible Oil & Ghee;10/02/2015;546;212.94
Spices;08/04/2018;1355;596.2
Salt;10/02/2015;1170;269.1
Breads & Buns;9/13/2016;2198;571.48
Noodles;10/20/2017;1916;574.8
Health Drinks;9/17/2016;565;163.85
Health Drinks;11/12/2018;1643;394.32
Eggs;11/20/2016;1020;204
Rice;10/25/2015;665;199.5
Fresh Fruits;09/11/2017;1000;420
Health Drinks;07/04/2015;632;284.4
Spices;8/31/2016;2260;339
Edible Oil & Ghee;4/13/2018;1929;327.93
Soft Drinks;11/14/2016;2313;138.78
Cookies;10/02/2015;2078;914.32
Soft Drinks;12/09/2017;2444;708.76
Salt;1/14/2018;2388;692.52
Noodles;09/04/2018;979;146.85
Soft Drinks;11/10/2018;787;165.27
Biscuits;11/24/2018;765;344.25
Organic Staples;11/18/2018;1020;51
Edible Oil & Ghee;5/20/2018;1045;125.4
Cakes;11/18/2018;1251;525.42
Organic Vegetables;12/26/2018;741;244.53
Salt;11/18/2018;1280;204.8
Rice;11/11/2016;782;156.4
Soft Drinks;11/11/2016;633;234.21
Organic Fruits;3/24/2018;1765;547.15
Health Drinks;9/26/2015;1641;213.33
Flour;03/02/2018;765;198.9
Fresh Fruits;12/12/2015;1349;364.23
Health Drinks;08/12/2018;857;171.4
Spices;8/20/2018;1933;715.21
Biscuits;08/12/2018;1010;50.5
Chicken;11/08/2016;2292;320.88
Health Drinks;5/28/2017;1675;268
Biscuits;03/10/2016;1712;633.44
Fish;7/21/2017;1835;128.45
Spices;7/21/2017;1286;501.54
Health Drinks;7/21/2017;674;155.02
Fresh Vegetables;12/11/2017;2301;759.33
Edible Oil & Ghee;8/27/2018;1526;427.28
Cookies;12/11/2017;770;161.7
Legumes;12/27/2018;1342;67.1
Rice;11/23/2017;1091;294.57
Salt;07/03/2017;2071;207.1
Chocolates;12/11/2017;1047;125.64
Noodles;9/30/2015;1009;161.44
Noodles;12/12/2017;2099;818.61
Rice;7/21/2017;2272;1022.4
Cakes;03/05/2018;1791;501.48
Breads & Buns;05/09/2015;1904;171.36
Organic Vegetables;05/09/2015;968;280.72
Chocolates;03/05/2018;1069;235.18
Spices;05/09/2015;2357;707.1
Cakes;03/05/2018;2400;216
Fish;05/09/2015;1343;120.87
Fish;9/15/2016;2216;997.2
Biscuits;9/15/2016;1270;292.1
Chicken;08/01/2017;1723;379.06
Edible Oil & Ghee;12/02/2018;1431;558.09
Chicken;6/26/2017;1314;118.26
Eggs;12/07/2016;740;148
Fresh Fruits;8/29/2015;621;130.41
Cookies;8/29/2015;2439;634.14
Organic Staples;6/26/2017;1620;712.8
Soft Drinks;12/02/2018;1032;464.4
Noodles;03/03/2017;1192;441.04
Health Drinks;09/01/2018;1643;476.47
Organic Fruits;6/26/2017;525;220.5
Noodles;12/02/2018;2241;963.63
Cookies;9/26/2018;1522;487.04
Chicken;9/26/2018;1249;449.64
Biscuits;10/10/2015;960;230.4
Meat;8/21/2018;2399;839.65
Cookies;09/10/2018;1579;142.11
Cakes;12/02/2018;1900;722
Health Drinks;6/28/2017;2266;317.24
Soft Drinks;8/24/2015;713;57.04
Health Drinks;6/28/2017;1450;275.5
Cakes;9/26/2018;2371;331.94
Meat;9/26/2018;993;307.83
Noodles;12/02/2018;794;63.52
Edible Oil & Ghee;9/26/2017;714;71.4
Noodles;11/12/2017;660;118.8
Edible Oil & Ghee;06/01/2018;644;154.56
Flour;11/12/2017;1762;546.22
Fresh Vegetables;10/06/2015;694;117.98
Rice;12/19/2016;2497;774.07
Organic Vegetables;11/12/2017;1437;316.14
Fresh Vegetables;7/25/2017;2338;350.7
Breads & Buns;8/13/2017;1743;418.32
Edible Oil & Ghee;5/27/2017;2065;826
Health Drinks;5/27/2017;728;152.88
Fresh Fruits;12/19/2016;1129;158.06
Organic Fruits;12/19/2016;2491;622.75
Spices;9/27/2016;2060;309
Soft Drinks;12/03/2015;1444;202.16
Meat;9/27/2016;643;122.17
Rice;06/10/2015;829;157.51
Organic Vegetables;08/10/2018;1284;205.44
Organic Staples;1/13/2018;824;321.36
Cakes;11/10/2016;1587;491.97
Edible Oil & Ghee;11/18/2015;754;196.04
Organic Vegetables;1/13/2018;1545;401.7
Soft Drinks;1/13/2018;2237;603.99
Rice;11/12/2017;1440;115.2
Organic Staples;10/09/2016;789;63.12
Rice;11/21/2017;1293;387.9
Health Drinks;06/01/2018;557;55.7
Cookies;12/31/2016;2157;474.54
Cookies;11/12/2017;2004;801.6
Soft Drinks;10/09/2016;1179;448.02
Salt;07/07/2017;1684;336.8
Breads & Buns;8/27/2017;2351;658.28
Eggs;5/31/2016;1874;262.36
Eggs;11/21/2016;2446;1027.32
Chocolates;08/01/2017;1114;200.52
Chicken;9/14/2015;1181;401.54
Rice;09/05/2017;1254;551.76
Noodles;5/20/2015;656;255.84
Salt;11/27/2017;1892;832.48
Edible Oil & Ghee;1/22/2018;2155;926.65
Noodles;07/08/2017;2306;899.34
Chocolates;4/18/2016;1692;355.32
Soft Drinks;4/18/2016;797;231.13
Cookies;12/30/2015;2320;371.2
Health Drinks;12/05/2017;1070;385.2
Edible Oil & Ghee;4/18/2016;1957;332.69
Chocolates;12/09/2017;1176;364.56
Edible Oil & Ghee;9/14/2015;1945;291.75
Chocolates;02/09/2016;2387;811.58
Health Drinks;12/23/2018;599;113.81
Spices;7/30/2016;2183;327.45
Chocolates;10/03/2018;1491;223.65
Health Drinks;1/22/2018;1202;504.84
Soft Drinks;8/27/2017;1499;584.61
Edible Oil & Ghee;09/05/2017;1126;484.18
Cakes;05/12/2018;922;202.84
Spices;5/20/2015;640;211.2
Cookies;5/31/2016;589;170.81
Chicken;07/03/2018;1010;101
Noodles;09/05/2017;1220;366
Cookies;05/08/2018;1885;490.1
Spices;12/23/2017;2301;575.25
Edible Oil & Ghee;07/07/2017;1819;272.85
Edible Oil & Ghee;12/02/2017;1242;397.44
Fish;4/18/2016;1319;567.17
Edible Oil & Ghee;12/09/2017;1750;140
Legumes;10/02/2018;1099;98.91
Meat;9/14/2015;614;208.76
Chocolates;4/18/2016;793;301.34
Organic Staples;5/31/2016;1500;450
Soft Drinks;5/28/2018;964;115.68
Biscuits;12/30/2015;899;287.68
Health Drinks;7/21/2018;2386;835.1
Breads & Buns;12/23/2018;1382;345.5
Fish;05/12/2018;523;94.14
Health Drinks;10/02/2018;2439;292.68
Rice;7/21/2018;1569;674.67
Eggs;10/13/2015;2317;139.02
Noodles;12/05/2017;1576;425.52
Noodles;5/31/2016;1736;156.24
Cakes;09/03/2016;2097;712.98
Legumes;7/14/2017;2222;244.42
Health Drinks;09/11/2016;1588;666.96
Eggs;08/05/2015;2477;569.71
Cookies;12/19/2017;913;219.12
Biscuits;11/09/2018;2252;653.08
Salt;11/03/2015;2065;351.05
Breads & Buns;1/31/2017;1911;210.21
Fish;10/28/2018;1164;162.96
Rice;11/07/2016;1558;420.66
Chicken;09/09/2015;1572;172.92
Chicken;9/15/2016;2340;725.4
Soft Drinks;01/02/2016;1138;79.66
Rice;3/17/2016;1749;647.13
Soft Drinks;08/05/2015;1473;176.76
Cakes;3/26/2016;1363;354.38
Fresh Vegetables;01/02/2016;1973;611.63
Health Drinks;7/14/2015;931;400.33
Cakes;3/25/2017;811;121.65
Noodles;06/10/2018;2278;1025.1
Noodles;2/19/2017;2459;713.11
Legumes;01/02/2016;2493;573.39
Salt;09/09/2015;1529;626.89
Noodles;11/09/2018;2449;783.68
Noodles;11/17/2018;1764;317.52
Noodles;2/19/2017;2132;874.12
Chocolates;3/23/2018;1873;618.09
Organic Vegetables;5/20/2015;2104;420.8
Edible Oil & Ghee;10/14/2015;1057;73.99
Soft Drinks;4/30/2018;1751;752.93
Health Drinks;06/06/2017;697;34.85
Chocolates;3/24/2018;738;258.3
Cookies;02/07/2015;1724;310.32
Fresh Vegetables;09/08/2018;2174;152.18
Flour;09/11/2016;2139;320.85
Salt;10/15/2018;2313;1040.85
Noodles;5/31/2016;500;95
Noodles;10/05/2016;1856;686.72
Legumes;09/09/2015;2153;667.43
Health Drinks;10/14/2015;2247;966.21
Chicken;11/14/2018;1674;100.44
Spices;12/22/2018;1381;165.72
Biscuits;7/14/2017;1329;225.93
Health Drinks;12/05/2017;571;216.98
Organic Vegetables;11/07/2016;629;75.48
Organic Staples;7/14/2017;814;350.02
Soft Drinks;3/26/2016;926;194.46
Rice;1/25/2017;1397;321.31
Health Drinks;4/22/2015;770;269.5
Flour;5/20/2015;508;203.2
Salt;11/09/2018;1627;699.61
Fish;12/21/2016;2329;163.03
Biscuits;9/24/2016;1895;587.45
Organic Fruits;7/14/2017;1626;211.38
Cookies;6/18/2017;947;426.15
Noodles;3/13/2017;974;107.14
Health Drinks;11/02/2018;1868;579.08
Eggs;9/26/2015;1007;362.52
Chicken;6/18/2017;2309;161.63
Fish;9/22/2018;2100;315
Eggs;7/14/2017;1432;71.6
Edible Oil & Ghee;9/15/2016;1338;200.7
Chocolates;12/19/2017;1432;587.12
Organic Staples;4/22/2015;1780;712
Chocolates;6/28/2016;1453;639.32
Cakes;10/09/2017;583;69.96
Organic Vegetables;06/01/2018;1530;367.2
Edible Oil & Ghee;1/25/2017;2259;406.62
Organic Staples;3/13/2017;1738;729.96
Spices;3/13/2017;747;291.33
Cookies;02/10/2016;1895;132.65
Meat;3/17/2015;1318;210.88
Eggs;8/15/2018;1213;509.46
Soft Drinks;8/29/2018;2478;520.38
Health Drinks;11/16/2018;648;136.08
Cookies;11/23/2018;1710;153.9
Eggs;7/21/2017;1313;105.04
Edible Oil & Ghee;3/13/2017;1800;414
Biscuits;6/18/2017;1811;488.97
Cookies;3/13/2017;548;115.08
Breads & Buns;3/31/2018;2396;742.76
Noodles;1/26/2018;638;121.22
Spices;12/14/2016;1189;107.01
Fresh Vegetables;7/16/2017;1029;329.28
Health Drinks;11/02/2018;1406;421.8
Soft Drinks;1/13/2016;1435;416.15
Chocolates;08/07/2016;1090;65.4
Fresh Fruits;12/23/2018;1613;290.34
Edible Oil & Ghee;04/05/2015;1108;77.56
Organic Fruits;03/11/2015;2401;984.41
Organic Fruits;7/16/2017;832;366.08
Salt;12/31/2016;550;104.5
Noodles;12/13/2015;1881;319.77
Health Drinks;11/28/2015;2403;480.6
Noodles;12/23/2018;1357;67.85
Edible Oil & Ghee;5/15/2016;2151;881.91
Cakes;03/11/2015;2381;619.06
Cookies;10/18/2015;1599;559.65
Salt;11/28/2017;2419;120.95
Organic Staples;8/24/2015;501;65.13
Chicken;11/28/2015;2099;923.56
Organic Vegetables;3/31/2018;1274;433.16
Cookies;12/31/2016;1418;368.68
Breads & Buns;1/24/2017;591;65.01
Organic Fruits;12/23/2018;1375;233.75
Fresh Fruits;12/23/2018;2342;772.86
Soft Drinks;11/02/2018;2167;411.73
Soft Drinks;12/31/2016;2327;511.94
Fresh Fruits;7/16/2017;571;222.69
Chicken;7/16/2017;996;239.04
Edible Oil & Ghee;11/03/2018;650;78
Salt;04/05/2015;1472;235.52
Legumes;12/01/2017;1547;448.63
Soft Drinks;7/13/2016;562;241.66
Edible Oil & Ghee;11/28/2017;2139;470.58
Health Drinks;2/19/2018;673;174.98
Flour;12/01/2017;1824;820.8
Meat;1/26/2018;2086;625.8
Fish;04/05/2015;1882;639.88
Soft Drinks;04/05/2015;1471;397.17
Organic Fruits;11/28/2015;980;49
Soft Drinks;11/24/2018;1457;291.4
Eggs;7/16/2017;2421;677.88
Flour;12/31/2016;2499;149.94
Cookies;12/16/2015;1056;337.92
Salt;11/04/2017;1787;607.58
Fresh Vegetables;11/04/2017;1836;257.04
Noodles;04/01/2018;1033;340.89
Breads & Buns;11/12/2015;664;119.52
Cakes;11/04/2015;1669;634.22
Edible Oil & Ghee;04/01/2018;952;352.24
Rice;11/18/2018;668;273.88
Soft Drinks;09/07/2016;510;132.6
Cookies;03/04/2017;1612;403
Chocolates;11/18/2018;638;236.06
Chocolates;11/11/2018;1800;540
Fresh Vegetables;11/04/2015;1273;305.52
Noodles;11/18/2018;988;286.52
Cookies;5/26/2017;1063;265.75
Flour;5/19/2018;1190;226.1
Fresh Fruits;11/18/2018;936;327.6
Organic Staples;12/09/2017;1108;321.32
Fresh Vegetables;04/10/2018;1778;604.52
Health Drinks;07/05/2016;1768;707.2
Flour;11/18/2018;2091;899.13
Edible Oil & Ghee;11/24/2018;1544;92.64
Meat;12/08/2018;2191;394.38
Salt;8/15/2017;647;187.63
Soft Drinks;10/20/2018;2331;932.4
Health Drinks;12/14/2016;522;198.36
Edible Oil & Ghee;12/06/2018;2273;704.63
Fish;08/03/2018;1998;619.38
Fish;7/21/2018;1468;117.44
Rice;1/28/2017;756;166.32
Chocolates;8/26/2017;2428;655.56
Health Drinks;3/26/2015;709;56.72
Chicken;10/19/2018;2310;392.7
Chicken;2/18/2018;1369;561.29
Edible Oil & Ghee;7/22/2017;1240;496
Chicken;9/19/2016;2105;484.15
Salt;12/06/2016;2443;1001.63
Noodles;09/07/2015;1293;478.41
Fresh Fruits;12/12/2016;2476;866.6
Fish;7/17/2018;2389;645.03
Meat;05/03/2018;1478;561.64
Fish;9/24/2017;553;33.18
Organic Fruits;7/27/2015;1131;260.13
Cookies;03/06/2018;706;275.34
Eggs;9/17/2018;2367;852.12
Organic Staples;9/23/2017;1009;242.16
Chocolates;9/22/2016;1524;426.72
Meat;04/06/2015;823;98.76
Soft Drinks;12/10/2018;839;41.95
Breads & Buns;12/04/2016;1894;795.48
Flour;12/16/2018;2457;761.67
Salt;8/27/2018;570;182.4
Fish;4/15/2018;2034;386.46
Fish;10/19/2015;852;323.76
Breads & Buns;09/11/2018;747;298.8
Fresh Fruits;06/09/2015;1355;243.9
Eggs;9/17/2018;2297;643.16
Cakes;6/27/2018;1712;119.84
Fresh Vegetables;3/13/2017;1400;196
Breads & Buns;11/15/2015;846;135.36
Organic Staples;8/27/2018;1019;315.89
Spices;03/12/2017;830;348.6
Noodles;11/25/2015;655;124.45
Chicken;09/07/2015;2316;1019.04
Cookies;03/12/2017;1359;366.93
Soft Drinks;6/30/2015;820;311.6
Health Drinks;12/16/2018;2069;600.01
Soft Drinks;9/27/2016;1634;81.7
Rice;7/17/2018;654;65.4
Health Drinks;10/31/2016;1785;285.6
Noodles;10/19/2015;2494;498.8
Chocolates;9/17/2018;1323;132.3
Health Drinks;7/17/2018;2086;730.1
Legumes;9/24/2017;1460;365
Fresh Vegetables;12/12/2016;2303;529.69
Salt;8/27/2018;2026;810.4
Meat;2/21/2017;863;120.82
Eggs;03/12/2017;931;65.17
Organic Vegetables;12/10/2018;1435;373.1
Edible Oil & Ghee;8/27/2018;2147;772.92
Organic Staples;11/25/2015;2163;475.86
Edible Oil & Ghee;11/25/2018;1767;318.06
Soft Drinks;8/21/2018;1325;106
Noodles;3/18/2018;1675;569.5
Edible Oil & Ghee;06/10/2018;1335;480.6
Meat;06/09/2015;1813;290.08
Fresh Fruits;11/18/2015;1665;149.85
Legumes;8/31/2018;608;60.8
Organic Staples;05/03/2018;1695;355.95
Health Drinks;10/19/2018;1187;71.22
Legumes;10/31/2016;769;153.8
Salt;6/25/2015;617;67.87
Noodles;10/19/2015;2313;763.29
Breads & Buns;11/04/2017;1449;72.45
Rice;03/10/2017;1865;149.2
Breads & Buns;02/04/2015;512;220.16
Biscuits;8/27/2018;2389;430.02
Cookies;04/06/2015;1468;205.52
Chicken;08/02/2017;812;251.72
Noodles;8/23/2015;2377;237.7
Salt;12/14/2016;1392;459.36
Fresh Fruits;8/19/2015;561;39.27
Soft Drinks;10/31/2016;686;253.82
Cookies;08/01/2018;732;131.76
Chocolates;12/16/2018;1662;199.44
Organic Vegetables;9/17/2018;2375;498.75
Fresh Fruits;12/14/2016;1899;322.83
Breads & Buns;08/04/2017;1644;131.52
Health Drinks;08/04/2017;1419;340.56
Breads & Buns;02/03/2016;1922;845.68
Organic Staples;9/17/2018;1296;77.76
Breads & Buns;9/17/2018;571;216.98
Breads & Buns;11/10/2018;2196;263.52
Organic Staples;2/20/2018;748;89.76
Noodles;11/04/2017;1137;147.81
Organic Staples;1/18/2015;1353;514.14
Chocolates;9/29/2017;522;31.32
Rice;2/21/2017;2488;622
Rice;3/26/2015;2396;335.44
Cookies;10/20/2018;1090;305.2
Soft Drinks;06/07/2016;2202;220.2
Fresh Fruits;12/16/2018;2066;681.78
Cookies;10/31/2016;514;133.64
Soft Drinks;09/07/2015;1885;245.05
Soft Drinks;11/21/2016;1793;89.65
Eggs;11/21/2016;1417;368.42
Edible Oil & Ghee;10/19/2015;587;46.96
Organic Fruits;2/21/2017;1920;556.8
Noodles;02/11/2018;2058;720.3
Spices;11/04/2017;1100;440
Breads & Buns;11/04/2017;2357;164.99
Organic Vegetables;8/21/2017;2440;878.4
Biscuits;6/25/2015;2321;742.72
Biscuits;12/28/2018;932;326.2
Fresh Vegetables;12/25/2016;1451;435.3
Noodles;9/21/2016;523;109.83
Eggs;9/25/2017;2446;1051.78
Soft Drinks;11/20/2017;1623;632.97
Rice;11/25/2017;2056;514
Fresh Fruits;6/28/2015;1278;383.4
Fresh Vegetables;12/10/2016;2451;147.06
Biscuits;7/20/2018;531;169.92
Spices;10/02/2017;2378;856.08
Organic Staples;12/10/2016;1300;585
Edible Oil & Ghee;10/02/2017;2023;586.67
Soft Drinks;12/09/2018;1986;536.22
Breads & Buns;7/20/2018;1714;737.02
Meat;11/10/2017;2171;260.52
Cakes;01/03/2017;1934;96.7
Chicken;5/13/2018;1230;184.5
Noodles;11/24/2015;1472;588.8
Soft Drinks;7/20/2018;1453;334.19
Chocolates;11/20/2017;1180;531
Fish;10/29/2015;825;140.25
Breads & Buns;7/13/2018;1992;836.64
Breads & Buns;12/09/2018;1258;150.96
Health Drinks;12/29/2018;1882;583.42
Soft Drinks;11/24/2015;645;45.15
Salt;06/05/2016;2308;1038.6
Health Drinks;5/13/2018;609;170.52
Flour;10/02/2017;651;188.79
Cakes;7/13/2018;1609;96.54
Health Drinks;12/17/2018;1828;383.88
Soft Drinks;10/31/2017;1739;347.8
Legumes;10/31/2017;1132;283
Soft Drinks;5/13/2018;2459;467.21
Health Drinks;11/27/2018;1247;137.17
Soft Drinks;01/04/2016;1449;333.27
Flour;11/02/2018;1247;211.99
Fresh Vegetables;7/15/2015;1911;286.65
Organic Fruits;11/20/2017;2305;345.75
Legumes;5/13/2018;2494;523.74
Biscuits;12/25/2016;2467;296.04
Rice;11/24/2015;2473;321.49
Biscuits;09/12/2017;907;362.8
Organic Staples;09/05/2016;1566;485.46
Cakes;09/04/2017;583;151.58
Meat;10/31/2017;1813;145.04
Soft Drinks;7/31/2016;1729;708.89
Organic Vegetables;11/24/2015;2462;837.08
Breads & Buns;06/01/2015;1666;283.22
Health Drinks;7/31/2018;541;129.84
Noodles;11/29/2016;1811;706.29
Salt;9/22/2018;2382;262.02
Noodles;9/17/2017;1746;122.22
Breads & Buns;5/19/2017;1343;282.03
Edible Oil & Ghee;03/08/2017;1467;410.76
Health Drinks;06/01/2018;907;63.49
Chocolates;7/20/2018;595;178.5
Biscuits;10/21/2018;691;297.13
Rice;12/16/2015;2222;266.64
Cakes;01/04/2016;1733;225.29
Health Drinks;7/31/2018;1060;455.8
Salt;11/02/2018;926;157.42
Breads & Buns;10/19/2016;824;164.8
Organic Vegetables;10/21/2018;1112;200.16
Biscuits;11/28/2015;898;224.5
Eggs;11/27/2018;1293;297.39
Spices;05/04/2016;619;55.71
Organic Fruits;12/31/2015;2480;520.8
Chicken;10/02/2017;1931;675.85
Spices;7/20/2018;1923;134.61
Cookies;01/08/2017;1798;215.76
Chocolates;12/23/2017;1866;130.62
Salt;12/04/2016;877;368.34
Organic Vegetables;12/02/2017;1175;517
Soft Drinks;9/22/2018;1669;650.91
Fish;8/15/2018;1219;414.46
Health Drinks;05/07/2018;1356;379.68
Cakes;03/08/2017;1006;352.1
Breads & Buns;06/01/2015;894;357.6
Biscuits;12/09/2017;1353;405.9
Spices;11/12/2015;2083;791.54
Breads & Buns;3/21/2017;2160;172.8
Organic Vegetables;11/21/2015;1923;384.6
Organic Staples;11/25/2015;907;263.03
Noodles;2/16/2017;1687;438.62
Organic Fruits;6/29/2018;1033;433.86
Meat;12/23/2015;1959;666.06
Organic Vegetables;11/12/2016;1693;592.55
Organic Vegetables;09/08/2017;1174;363.94
Cakes;11/21/2016;2337;841.32
Rice;10/27/2018;2323;278.76
Spices;12/31/2015;2075;166
Chocolates;11/03/2016;1989;159.12
Edible Oil & Ghee;11/29/2015;2033;894.52
Organic Fruits;7/29/2018;1560;655.2
Salt;11/25/2015;1549;278.82
Chocolates;11/23/2018;720;86.4
Fresh Vegetables;12/09/2015;2195;109.75
Noodles;05/09/2017;622;49.76
Biscuits;01/03/2016;1376;522.88
Organic Staples;6/20/2017;1046;376.56
Fresh Fruits;10/27/2018;2098;818.22
Chocolates;07/09/2015;1061;392.57
Edible Oil & Ghee;11/03/2017;799;151.81
Breads & Buns;12/09/2017;1443;591.63
Health Drinks;10/24/2016;676;162.24
Cakes;08/06/2016;1346;457.64
Breads & Buns;12/01/2018;2106;231.66
Organic Vegetables;11/16/2016;1951;624.32
Salt;05/05/2015;1245;448.2
Legumes;12/08/2015;1825;292
Breads & Buns;5/18/2018;1094;415.72
Edible Oil & Ghee;11/23/2016;1417;410.93
Flour;10/12/2015;1170;105.3
Spices;6/26/2017;926;268.54
Chicken;10/31/2018;646;51.68
Chicken;9/22/2018;757;113.55
Spices;12/07/2018;1598;703.12
Organic Fruits;7/17/2016;1735;433.75
Cakes;05/02/2016;995;218.9
Legumes;08/06/2016;1035;217.35
Edible Oil & Ghee;10/23/2017;940;84.6
Breads & Buns;11/01/2015;2422;411.74
Spices;7/23/2018;605;248.05
Fresh Fruits;09/03/2018;580;237.8
Chocolates;6/24/2018;592;230.88
Soft Drinks;11/25/2015;1110;177.6
Soft Drinks;08/06/2018;2027;243.24
Eggs;07/09/2015;1853;685.61
Chocolates;07/05/2018;1773;709.2
Salt;10/24/2016;1322;92.54
Health Drinks;10/24/2017;2283;228.3
Breads & Buns;3/26/2018;1607;321.4
Soft Drinks;3/31/2016;733;124.61
Salt;8/17/2015;1397;349.25
Soft Drinks;11/12/2016;1719;120.33
Cakes;5/17/2016;505;101
Noodles;12/26/2018;1325;92.75
Fish;12/07/2018;1920;518.4
Eggs;9/22/2015;1134;90.72
Meat;3/26/2018;1418;85.08
Soft Drinks;4/18/2017;1682;84.1
Cakes;08/05/2016;715;164.45
Fish;04/10/2017;1352;554.32
Soft Drinks;2/16/2017;1632;734.4
Noodles;09/02/2018;2357;353.55
Chicken;7/17/2016;2252;472.92
Meat;4/27/2018;908;217.92
Edible Oil & Ghee;7/25/2017;2368;923.52
Legumes;9/25/2017;1782;302.94
Soft Drinks;09/09/2018;1225;379.75
Health Drinks;1/30/2017;1745;663.1
Health Drinks;09/06/2017;2032;467.36
Organic Vegetables;11/23/2016;1111;77.77
Cakes;4/21/2017;1031;206.2
Organic Vegetables;4/17/2018;679;169.75
Noodles;11/13/2018;1285;514
Organic Fruits;03/02/2018;2017;121.02
Organic Vegetables;12/02/2018;1337;93.59
Soft Drinks;7/21/2015;1892;832.48
Edible Oil & Ghee;4/15/2017;1089;250.47
Breads & Buns;3/30/2016;2218;865.02
Organic Staples;6/30/2015;925;101.75
Legumes;09/02/2018;2086;625.8
Fresh Fruits;05/06/2018;1314;289.08
Health Drinks;6/30/2015;2121;530.25
Health Drinks;5/19/2018;2053;513.25
Cookies;07/05/2018;748;89.76
Chicken;05/09/2017;2049;163.92
Noodles;11/12/2015;1416;382.32
Organic Fruits;12/15/2018;641;275.63
Cookies;12/02/2015;2057;658.24
Spices;4/15/2017;708;184.08
Fresh Fruits;11/12/2016;1368;410.4
Chocolates;6/27/2017;2216;487.52
Noodles;08/01/2018;2253;315.42
Organic Vegetables;11/12/2015;2392;526.24
Organic Staples;08/05/2016;2230;312.2
Soft Drinks;5/21/2017;931;353.78
Flour;12/17/2017;1059;52.95
Noodles;06/01/2016;2225;979
Cakes;10/07/2015;639;83.07
Cakes;11/24/2018;1259;352.52
Organic Vegetables;6/21/2017;1604;561.4
Biscuits;7/21/2015;886;283.52
Chicken;08/05/2016;1456;436.8
Noodles;07/05/2018;1983;118.98
Organic Vegetables;10/10/2015;801;304.38
Noodles;5/18/2018;2246;606.42
Eggs;09/02/2018;1590;111.3
Fresh Fruits;12/09/2015;573;212.01
Noodles;07/09/2016;909;45.45
Health Drinks;9/26/2017;1159;69.54
Chocolates;6/24/2017;1268;253.6
Soft Drinks;5/21/2017;1691;710.22
Organic Staples;11/21/2016;777;217.56
Fresh Vegetables;11/23/2016;2422;314.86
Edible Oil & Ghee;4/21/2017;1993;817.13
Breads & Buns;7/21/2015;1279;306.96
Chicken;11/21/2016;1399;489.65
Legumes;11/23/2015;1871;112.26
Health Drinks;5/21/2017;1548;634.68
Breads & Buns;6/24/2018;1586;586.82
Noodles;08/04/2018;2294;206.46
Organic Staples;9/17/2016;942;197.82
Health Drinks;04/02/2016;2404;504.84
Breads & Buns;05/09/2017;643;154.32
Fresh Vegetables;06/11/2017;544;108.8
Edible Oil & Ghee;06/11/2017;1506;120.48
Fish;05/09/2017;1508;422.24
Soft Drinks;11/18/2015;1263;189.45
Biscuits;12/19/2017;2209;331.35
Eggs;12/07/2018;2499;524.79
Eggs;12/28/2018;635;63.5
Cookies;01/12/2018;2268;635.04
Salt;11/21/2016;1937;329.29
Health Drinks;5/17/2016;1260;378
Cookies;08/06/2016;1228;478.92
Meat;10/10/2015;2021;545.67
Chocolates;2/16/2017;1380;510.6
Eggs;05/09/2017;2159;410.21
Organic Staples;6/16/2018;1420;184.6
Noodles;3/15/2017;1912;133.84
Health Drinks;03/02/2018;1500;525
Breads & Buns;5/18/2018;1358;95.06
Fresh Vegetables;06/04/2018;1324;251.56
Biscuits;9/22/2018;2150;881.5
Chocolates;11/02/2016;2449;636.74
Health Drinks;3/26/2018;783;39.15
Fresh Fruits;4/21/2017;2264;271.68
Fresh Fruits;06/01/2016;1909;725.42
Fresh Fruits;07/05/2018;1688;472.64
Noodles;05/06/2018;1208;374.48
Cookies;12/26/2017;1884;678.24
Fresh Vegetables;09/02/2018;1832;201.52
Spices;09/06/2016;2420;677.6
Eggs;7/19/2015;552;71.76
Chocolates;8/19/2018;2424;436.32
Health Drinks;4/28/2015;876;166.44
Soft Drinks;4/30/2016;825;305.25
Flour;7/17/2017;1916;268.24
Chocolates;10/06/2018;510;193.8
Fresh Fruits;11/24/2018;1517;394.42
Organic Staples;12/20/2018;1253;313.25
Flour;4/18/2017;1574;550.9
Spices;08/04/2015;1620;615.6
Salt;7/22/2017;2461;516.81
Flour;09/10/2016;1910;362.9
Cookies;11/01/2015;1805;613.7
Chicken;7/17/2017;869;130.35
Fresh Fruits;09/08/2015;1241;86.87
Spices;4/28/2015;725;43.5
Salt;1/17/2016;1666;266.56
Breads & Buns;09/02/2018;2222;555.5
Soft Drinks;7/19/2015;1753;596.02
Eggs;6/17/2017;2214;708.48
Soft Drinks;4/28/2015;1797;718.8
Salt;04/01/2015;2372;1043.68
Organic Fruits;12/18/2017;1724;120.68
Legumes;01/05/2016;929;83.61
Health Drinks;11/28/2018;839;117.46
Cookies;11/19/2015;1562;249.92
Legumes;02/11/2018;2440;463.6
Salt;04/01/2017;1076;344.32
Salt;07/09/2016;632;195.92
Cookies;7/20/2018;2193;964.92
Edible Oil & Ghee;05/02/2017;1260;63
Chicken;10/14/2017;626;269.18
Flour;10/13/2017;2471;716.59
Flour;10/23/2018;1415;537.7
Rice;07/08/2017;1962;843.66
Organic Fruits;9/18/2016;2389;238.9
Meat;9/15/2018;2365;331.1
Eggs;11/13/2017;978;176.04
Rice;6/19/2018;753;135.54
Breads & Buns;06/06/2015;2493;722.97
Breads & Buns;5/28/2018;2069;372.42
Fresh Vegetables;10/29/2017;1382;414.6
Edible Oil & Ghee;12/23/2015;2457;319.41
Biscuits;10/02/2017;742;118.72
Meat;05/11/2015;627;87.78
Biscuits;6/17/2017;696;292.32
Edible Oil & Ghee;03/02/2018;2058;123.48
Cookies;09/02/2018;826;132.16
Spices;01/05/2016;917;339.29
Biscuits;4/18/2017;1681;369.82
Soft Drinks;11/22/2017;1419;184.47
Biscuits;11/11/2017;2421;217.89
Organic Vegetables;7/22/2017;2240;649.6
Legumes;07/09/2016;840;235.2
Fish;11/26/2016;1093;491.85
Noodles;11/19/2018;531;63.72
Organic Staples;11/20/2015;1630;407.5
Spices;12/02/2015;1082;259.68
Spices;11/26/2016;1396;139.6
Edible Oil & Ghee;12/24/2018;758;166.76
Meat;03/08/2016;951;133.14
Breads & Buns;12/20/2018;894;107.28
Legumes;2/13/2018;1743;540.33
Noodles;6/26/2018;878;201.94
Breads & Buns;08/09/2016;2109;274.17
Fish;9/18/2018;1132;464.12
Legumes;2/16/2018;1319;276.99
Meat;01/12/2016;840;75.6
Edible Oil & Ghee;9/28/2015;1400;294
Cookies;10/29/2017;1586;428.22
Organic Fruits;09/07/2016;595;226.1
Chocolates;11/13/2017;1251;437.85
Edible Oil & Ghee;11/11/2017;1299;194.85
Rice;10/13/2017;2044;633.64
Fresh Vegetables;2/21/2017;1527;152.7
Organic Fruits;5/23/2016;1663;315.97
Meat;04/01/2017;2165;368.05
Soft Drinks;07/06/2016;869;95.59
Soft Drinks;10/21/2017;1793;251.02
Chicken;9/23/2015;2178;457.38
Spices;9/18/2016;1020;173.4
Biscuits;11/26/2016;605;60.5
Cookies;10/02/2016;862;137.92
Fresh Fruits;09/07/2016;2252;157.64
Soft Drinks;7/23/2018;937;281.1
Biscuits;12/28/2015;1676;150.84
Spices;09/02/2018;1136;488.48
Spices;06/03/2018;1971;275.94
Noodles;3/17/2015;2390;454.1
Fresh Vegetables;11/20/2015;700;154
Health Drinks;04/01/2015;1073;236.06
Salt;11/25/2017;765;76.5
Breads & Buns;6/26/2018;1010;343.4
Noodles;12/12/2017;1317;553.14
Fresh Fruits;12/05/2018;567;175.77
Rice;8/23/2017;2010;241.2
Breads & Buns;07/08/2018;1574;94.44
Fish;11/17/2015;950;133
Health Drinks;11/13/2017;625;268.75
Soft Drinks;10/30/2017;1456;334.88
Cookies;06/10/2018;1617;501.27
Chocolates;10/13/2017;2310;115.5
Organic Fruits;8/23/2017;839;201.36
Noodles;10/02/2016;1382;428.42
Fresh Vegetables;12/24/2018;1628;423.28
Chicken;4/16/2017;1120;257.6
Chicken;07/11/2015;1329;544.89
Flour;10/13/2017;1632;293.76
Biscuits;12/10/2016;639;95.85
Eggs;12/10/2016;2103;357.51
Chicken;07/11/2015;2153;279.89
Flour;10/02/2016;597;137.31
Breads & Buns;9/20/2016;896;367.36
Organic Staples;12/20/2018;1618;728.1
Salt;11/14/2016;1980;455.4
Meat;10/23/2018;2338;374.08
Chocolates;12/28/2015;531;228.33
Cookies;11/26/2016;2385;143.1
Chocolates;11/13/2017;1113;255.99
Noodles;07/06/2016;2242;986.48
Spices;6/26/2018;1605;706.2
Edible Oil & Ghee;12/28/2015;887;239.49
Eggs;8/23/2017;1764;617.4
Fresh Vegetables;1/23/2017;1056;73.92
Eggs;2/28/2017;2255;1014.75
Rice;11/19/2015;1370;356.2
Biscuits;12/02/2015;910;154.7
Meat;09/02/2018;1401;154.11
Edible Oil & Ghee;03/02/2018;2479;594.96
Soft Drinks;2/16/2016;1705;664.95
Flour;12/04/2017;1493;358.32
Soft Drinks;11/19/2018;506;131.56
Fresh Fruits;07/03/2017;2025;101.25
Spices;07/08/2018;2336;537.28
Chicken;12/12/2017;1730;570.9
Spices;08/05/2015;1334;293.48
Health Drinks;11/19/2015;1490;461.9
Cookies;08/12/2015;2078;415.6
Chicken;03/02/2018;826;41.3
Organic Staples;3/17/2015;792;158.4
Eggs;11/17/2015;1914;823.02
Edible Oil & Ghee;9/18/2016;2363;968.83
Chocolates;6/30/2018;2415;821.1
Organic Staples;11/28/2016;1964;785.6
Meat;7/22/2017;2125;361.25
Salt;09/07/2018;2369;165.83
Edible Oil & Ghee;12/10/2016;2174;434.8
Fresh Fruits;8/17/2016;551;55.1
Fresh Fruits;09/10/2016;1641;196.92
Chocolates;12/10/2017;1470;205.8
Noodles;4/28/2015;2020;464.6
Cookies;7/27/2015;2226;868.14
Breads & Buns;8/28/2016;779;163.59
Chicken;08/04/2015;1126;326.54
Fresh Vegetables;1/23/2017;1360;598.4
Eggs;09/09/2018;718;179.5
Spices;5/26/2017;1473;132.57
Health Drinks;01/04/2017;2005;320.8
Chocolates;12/09/2018;2194;855.66
Edible Oil & Ghee;11/10/2017;729;218.7
Breads & Buns;8/24/2018;1032;330.24
Soft Drinks;12/20/2018;1391;69.55
Chocolates;4/16/2016;907;108.84
Fish;03/02/2015;1919;594.89
Fresh Fruits;09/07/2015;861;94.71
Cakes;4/28/2018;1617;468.93
Noodles;5/26/2017;2370;568.8
Fish;9/23/2017;811;251.41
Cakes;01/12/2016;873;392.85
Organic Staples;4/28/2018;2091;752.76
Soft Drinks;9/20/2016;560;201.6
Cookies;01/05/2016;1553;621.2
Edible Oil & Ghee;7/14/2017;1893;530.04
Organic Vegetables;6/26/2018;2023;101.15
Cookies;09/07/2016;2323;696.9
Chicken;11/07/2016;1283;282.26
Spices;05/03/2018;871;60.97
Fresh Vegetables;11/12/2018;1603;609.14
Cookies;8/16/2016;2380;1071
Eggs;04/09/2018;1729;259.35
Cookies;9/29/2018;1436;315.92
Organic Fruits;4/28/2015;1077;64.62
Soft Drinks;11/28/2017;729;269.73
Health Drinks;5/15/2016;954;267.12
Eggs;05/12/2017;1487;639.41
Fresh Vegetables;7/29/2017;1689;168.9
Soft Drinks;9/15/2016;842;168.4
Rice;10/03/2016;530;143.1
Chicken;11/26/2018;808;298.96
Health Drinks;4/16/2016;742;259.7
Edible Oil & Ghee;11/02/2018;1518;227.7
Chocolates;11/16/2018;513;215.46
Breads & Buns;4/16/2016;1529;626.89
Chicken;12/04/2018;1120;235.2
Fish;9/29/2015;1132;430.16
Flour;12/26/2015;1186;83.02
Meat;8/26/2017;2189;766.15
Chicken;10/13/2015;1413;339.12
Salt;12/20/2018;2400;528
Spices;05/02/2017;859;180.39
Fresh Vegetables;11/11/2017;2105;926.2
Salt;11/11/2017;2491;348.74
Spices;10/30/2017;2416;483.2
Cakes;11/10/2017;701;294.42
Cakes;12/26/2017;877;210.48
Flour;11/10/2018;1573;487.63
Spices;11/20/2015;2337;654.36
Fresh Fruits;6/19/2018;2130;830.7
Fish;04/01/2017;1019;152.85
Chicken;12/27/2016;2418;145.08
Rice;2/23/2017;1960;686
Noodles;11/23/2015;1569;470.7
Chocolates;11/02/2018;2421;1041.03
Chicken;03/03/2015;1570;518.1
Soft Drinks;4/28/2015;1027;112.97
Health Drinks;8/13/2018;1797;557.07
Salt;5/28/2018;758;75.8
Cookies;12/05/2015;671;46.97
Edible Oil & Ghee;12/05/2015;1853;648.55
Cakes;7/31/2018;2129;574.83
Cookies;8/16/2016;1262;517.42
Edible Oil & Ghee;11/04/2018;556;127.88
Chocolates;4/28/2015;644;251.16
Organic Staples;11/22/2017;1343;201.45
Eggs;8/24/2018;2270;590.2
Biscuits;02/06/2018;2107;884.94
Legumes;9/25/2018;2368;426.24
Organic Vegetables;10/22/2018;782;156.4
Cakes;4/16/2016;1081;108.1
Fresh Fruits;10/19/2018;2370;876.9
Eggs;10/18/2015;2030;162.4
Legumes;9/29/2015;1625;698.75
Spices;7/25/2017;2490;622.5
Fresh Fruits;4/13/2018;1391;500.76
Chicken;2/24/2018;1104;287.04
Cookies;12/04/2018;606;218.16
Flour;11/18/2017;747;253.98
Health Drinks;9/26/2015;2340;561.6
Fish;11/05/2016;1229;184.35
Health Drinks;12/03/2016;944;273.76
Breads & Buns;10/18/2015;1314;433.62
Chocolates;09/03/2017;1960;333.2
Noodles;09/01/2017;2394;957.6
Fresh Vegetables;10/18/2015;2247;337.05
Biscuits;9/29/2015;588;141.12
Health Drinks;6/25/2017;2074;331.84
Breads & Buns;11/26/2018;2449;538.78
Noodles;11/18/2018;1352;135.2
Fresh Vegetables;10/19/2018;571;245.53
Soft Drinks;12/18/2018;1529;137.61
Cookies;12/06/2017;1689;709.38
Meat;4/16/2016;1399;587.58
Fish;8/29/2017;648;233.28
Fresh Vegetables;09/01/2017;1014;111.54
Cookies;11/24/2018;1412;225.92
Eggs;09/02/2018;1209;120.9
Soft Drinks;8/26/2017;2008;381.52
Chicken;11/28/2017;1829;109.74
Eggs;03/03/2015;2173;847.47
Fish;12/02/2018;1983;753.54
Meat;06/06/2015;1857;538.53
Biscuits;9/29/2015;2427;582.48
Health Drinks;12/06/2017;2316;416.88
Flour;09/07/2016;1315;433.95
Fresh Vegetables;9/28/2018;1767;318.06
Rice;09/09/2018;2045;858.9
Cakes;8/21/2016;2329;954.89
Salt;8/29/2017;2010;703.5
Soft Drinks;09/09/2018;664;232.4
Organic Vegetables;8/16/2016;2347;422.46
Organic Fruits;11/28/2017;874;367.08
Chicken;05/04/2018;1230;528.9
Flour;5/21/2016;1442;158.62
Soft Drinks;8/25/2015;951;76.08
Soft Drinks;9/27/2017;2172;325.8
Flour;03/05/2016;1517;273.06
Fresh Fruits;09/07/2016;1799;629.65
Health Drinks;8/16/2016;1259;226.62
Cakes;05/04/2018;1216;279.68
Soft Drinks;4/30/2018;665;106.4
Breads & Buns;8/25/2015;1299;272.79
Chocolates;12/05/2015;2058;288.12
Soft Drinks;05/03/2018;1311;301.53
Soft Drinks;09/04/2016;1115;379.1
Chicken;9/15/2016;725;65.25
Chocolates;04/09/2018;2118;571.86
Cookies;6/25/2017;862;310.32
Biscuits;4/16/2016;2377;594.25
Fresh Fruits;05/03/2018;1061;169.76
Chocolates;9/26/2015;777;54.39
Soft Drinks;01/04/2017;1291;167.83
Organic Staples;10/26/2018;2328;535.44
Organic Fruits;8/25/2015;1694;525.14
Soft Drinks;11/15/2016;1860;93
Health Drinks;10/21/2015;1545;633.45
Noodles;6/23/2016;763;251.79
Organic Fruits;8/20/2015;1300;234
Health Drinks;10/11/2015;961;76.88
Fresh Vegetables;6/13/2016;1121;470.82
Salt;12/14/2016;2087;605.23
Cakes;3/27/2017;767;76.7
Chicken;3/17/2015;697;111.52
Biscuits;11/22/2015;1698;441.48
Organic Staples;4/20/2016;1892;567.6
Salt;04/04/2015;1904;190.4
Cookies;3/17/2015;1234;308.5
Eggs;8/20/2015;532;95.76
Meat;02/07/2016;1632;669.12
Flour;11/01/2015;801;144.18
Organic Vegetables;9/18/2018;2270;204.3
Fresh Vegetables;07/10/2018;1604;577.44
Fresh Vegetables;11/22/2015;1406;449.92
Health Drinks;3/17/2015;1890;737.1
Meat;10/15/2017;1995;618.45
Breads & Buns;11/26/2018;960;115.2
Spices;9/18/2018;1195;322.65
Health Drinks;8/21/2016;1622;421.72
Health Drinks;11/21/2015;576;241.92
Edible Oil & Ghee;11/01/2015;1018;142.52
Biscuits;6/13/2016;1092;414.96
Legumes;05/05/2018;2220;466.2
Organic Vegetables;04/08/2018;1562;656.04
Organic Vegetables;3/17/2015;1082;411.16
Fresh Vegetables;3/21/2015;1366;232.22
Fresh Vegetables;11/22/2015;708;169.92
Fish;09/12/2017;2087;459.14
Legumes;12/02/2015;1276;510.4
Organic Fruits;04/04/2015;1593;477.9
Organic Vegetables;04/07/2015;1125;337.5
Soft Drinks;5/30/2015;1235;407.55
Noodles;3/21/2015;915;228.75
Noodles;8/19/2015;595;160.65
Meat;11/21/2015;2496;973.44
Fresh Fruits;3/22/2016;1584;316.8
Meat;3/21/2015;2298;620.46
Organic Vegetables;05/12/2017;810;40.5
Meat;5/19/2018;1991;617.21
Health Drinks;8/17/2015;1736;729.12
Legumes;12/01/2016;893;142.88
Flour;12/27/2015;1643;230.02
Legumes;9/18/2018;1573;393.25
Health Drinks;3/17/2015;1576;614.64
Edible Oil & Ghee;12/01/2016;527;221.34
Soft Drinks;11/22/2015;1117;167.55
Cakes;02/07/2016;1476;118.08
Breads & Buns;3/21/2015;1987;536.49
Eggs;6/13/2016;1267;76.02
Soft Drinks;8/17/2015;1614;484.2
Health Drinks;9/18/2018;1833;421.59
Cakes;04/04/2015;1501;240.16
Meat;09/09/2018;2113;824.07
Spices;10/21/2015;1014;81.12
Organic Vegetables;09/12/2017;2205;595.35
Noodles;6/13/2016;1606;546.04
Breads & Buns;10/15/2017;1831;91.55
Biscuits;5/30/2017;2323;1022.12
Health Drinks;11/21/2015;2272;613.44
Edible Oil & Ghee;4/21/2015;1143;137.16
Breads & Buns;08/05/2017;2249;989.56
Chocolates;04/05/2015;2123;700.59
Cakes;10/15/2017;747;141.93
Spices;8/17/2015;1217;425.95
Breads & Buns;9/18/2018;1013;395.07
Meat;09/09/2018;1749;87.45
Meat;09/06/2016;567;124.74
Fish;7/25/2016;1680;688.8
Chocolates;5/30/2017;1581;316.2
Edible Oil & Ghee;8/21/2016;1908;705.96
Flour;3/21/2018;1614;306.66
Noodles;08/01/2015;1638;163.8
Fresh Fruits;03/10/2018;1517;379.25
Edible Oil & Ghee;12/11/2018;2089;605.81
Legumes;11/08/2016;1393;459.69
Edible Oil & Ghee;9/25/2016;599;149.75
Soft Drinks;3/21/2015;2408;192.64
Cookies;04/12/2017;1008;221.76
Cakes;6/15/2018;1130;271.2
Health Drinks;3/24/2016;832;108.16
Meat;5/13/2018;2201;638.29
Edible Oil & Ghee;09/07/2018;1537;445.73
Organic Vegetables;9/20/2015;2134;938.96
Meat;5/14/2017;2321;510.62
Organic Vegetables;06/08/2016;1492;417.76
Chicken;08/09/2016;818;89.98
Soft Drinks;9/28/2018;1461;350.64
Salt;08/01/2015;763;68.67
Soft Drinks;9/28/2015;1579;536.86
Chocolates;10/09/2015;573;206.28
Eggs;4/24/2018;1755;333.45
Fresh Fruits;10/10/2017;1266;303.84
Organic Staples;10/27/2018;2117;550.42
Noodles;11/01/2015;727;276.26
Eggs;07/05/2015;2475;915.75
Salt;9/22/2017;2122;190.98
Fresh Vegetables;03/12/2016;1604;449.12
Edible Oil & Ghee;06/08/2016;1473;147.3
Breads & Buns;08/01/2015;2479;991.6
Breads & Buns;07/05/2016;1764;723.24
Legumes;3/26/2016;715;128.7
Fresh Fruits;10/20/2018;1178;176.7
Organic Vegetables;04/12/2017;500;225
Spices;04/12/2017;681;34.05
Health Drinks;12/27/2016;1495;433.55
Salt;05/01/2016;1772;141.76
Soft Drinks;6/18/2016;756;332.64
Organic Vegetables;8/27/2017;685;246.6
Flour;06/05/2018;2365;543.95
Biscuits;06/08/2016;1178;58.9
Eggs;12/02/2018;2125;743.75
Cakes;11/12/2016;1752;700.8
Chocolates;11/01/2015;1442;187.46
Cakes;09/06/2016;984;314.88
Organic Vegetables;6/15/2018;1117;67.02
Spices;11/20/2017;1746;488.88
Rice;4/29/2015;1705;409.2
Salt;05/01/2016;537;26.85
Edible Oil & Ghee;6/26/2018;1568;172.48
Noodles;5/14/2017;1234;518.28
Fish;11/24/2018;1833;238.29
Health Drinks;06/08/2016;2119;233.09
Organic Vegetables;10/27/2018;1625;325
Breads & Buns;6/15/2018;565;50.85
Edible Oil & Ghee;12/18/2016;1000;190
Legumes;12/18/2016;2359;1014.37
Eggs;9/28/2015;1557;591.66
Health Drinks;06/10/2018;1240;446.4
Fish;06/08/2016;2492;124.6
Cookies;11/08/2016;860;232.2
Cookies;11/01/2015;1717;463.59
Salt;5/28/2017;1798;125.86
Cookies;12/16/2015;2240;336
Meat;3/31/2015;616;221.76
Fish;9/25/2016;981;49.05
Biscuits;1/20/2015;1973;789.2
Biscuits;5/17/2017;1548;433.44
Organic Staples;5/14/2017;1452;493.68
Cakes;11/12/2016;1843;737.2
Organic Vegetables;06/08/2016;2009;703.15
Chicken;9/25/2016;1442;216.3
Noodles;5/14/2017;1119;78.33
Breads & Buns;11/12/2016;1766;512.14
Health Drinks;10/27/2018;2334;793.56
Cookies;10/10/2017;2117;296.38
Noodles;12/29/2017;1046;470.7
Fresh Vegetables;11/24/2018;2452;343.28
Eggs;3/19/2017;2235;469.35
Organic Staples;10/28/2017;1019;438.17
Meat;03/10/2018;2133;554.58
Rice;12/29/2017;1143;251.46
Spices;9/25/2016;580;237.8
Flour;11/07/2016;692;235.28
Breads & Buns;5/27/2018;1649;742.05
Fresh Fruits;04/06/2018;1050;441
Organic Staples;5/17/2017;958;344.88
Organic Staples;07/01/2015;1685;707.7
Chocolates;11/28/2017;1649;527.68
Spices;11/08/2016;2419;362.85
Health Drinks;5/14/2017;2364;236.4
Cakes;3/28/2018;550;66
Fresh Fruits;11/07/2016;711;199.08
Edible Oil & Ghee;11/30/2015;1974;335.58
Biscuits;05/12/2018;1457;131.13
Spices;3/14/2015;886;177.2
Meat;11/04/2015;1509;377.25
Salt;01/12/2018;1126;67.56
Cookies;7/21/2017;2220;688.2
Salt;04/06/2015;1556;171.16
Cakes;1/23/2018;1133;226.6
Organic Staples;12/23/2017;1658;215.54
Organic Vegetables;12/24/2015;553;110.6
Organic Fruits;12/08/2018;1944;855.36
Flour;7/28/2018;2076;830.4
Flour;8/21/2016;1531;336.82
Fresh Vegetables;12/17/2018;721;64.89
Health Drinks;11/26/2015;1714;771.3
Spices;12/26/2017;994;119.28
Spices;4/13/2016;703;70.3
Biscuits;2/14/2015;1392;431.52
Breads & Buns;04/12/2015;1074;204.06
Flour;4/30/2018;616;30.8
Cookies;9/19/2018;1966;845.38
Health Drinks;9/18/2016;969;174.42
Organic Fruits;8/22/2017;1924;250.12
Flour;12/08/2017;757;113.55
Edible Oil & Ghee;09/03/2018;2101;483.23
Health Drinks;12/31/2017;863;120.82
Biscuits;10/15/2018;2479;371.85
Health Drinks;12/23/2017;1138;295.88
Eggs;3/25/2018;1482;237.12
Health Drinks;8/17/2018;1920;576
Soft Drinks;4/25/2016;842;58.94
Spices;04/03/2015;1416;481.44
Chocolates;12/23/2017;746;186.5
Chocolates;11/16/2015;750;315
Rice;10/26/2016;930;83.7
Edible Oil & Ghee;9/25/2016;2443;122.15
Spices;04/10/2017;1581;648.21
Fresh Fruits;8/17/2018;2237;425.03
Soft Drinks;3/14/2015;2018;565.04
Fresh Fruits;5/13/2015;2061;350.37
Breads & Buns;5/18/2016;1393;571.13
Fresh Fruits;3/19/2016;985;413.7
Breads & Buns;8/21/2017;900;333
Chocolates;06/03/2018;1657;265.12
Breads & Buns;06/12/2017;1476;531.36
Salt;9/20/2015;939;215.97
Chicken;9/26/2017;613;61.3
Spices;11/21/2015;841;185.02
Chicken;9/20/2017;654;130.8
Cakes;12/23/2017;1947;739.86
Salt;11/09/2018;1233;123.3
Chocolates;12/25/2018;600;84
Legumes;3/16/2018;2118;232.98
Meat;12/08/2016;1784;642.24
Eggs;8/15/2016;502;120.48
Soft Drinks;02/04/2017;1146;309.42
Fresh Vegetables;10/08/2018;1979;197.9
Organic Vegetables;12/27/2016;2488;398.08
Health Drinks;12/23/2017;1674;736.56
Chicken;11/24/2015;2399;839.65
Soft Drinks;12/26/2017;2266;657.14
Fish;9/18/2016;1298;285.56
Biscuits;05/12/2018;1721;137.68
Biscuits;2/14/2015;1809;253.26
Organic Fruits;3/16/2018;504;50.4
Fish;9/28/2016;2004;761.52
Salt;12/02/2017;1608;723.6
Organic Staples;1/24/2018;1758;404.34
Chocolates;12/26/2017;1765;388.3
Breads & Buns;9/19/2018;1899;493.74
Meat;6/13/2015;674;289.82
Health Drinks;10/31/2015;2399;575.76
Chicken;4/26/2016;1277;421.41
Health Drinks;4/30/2016;1511;362.64
Chocolates;12/22/2018;803;240.9
Fresh Fruits;02/06/2016;1810;217.2
Spices;12/23/2017;1092;414.96
Spices;5/27/2018;2025;486
Noodles;10/31/2015;1753;315.54
Health Drinks;2/18/2016;728;254.8
Organic Fruits;07/11/2018;1251;250.2
Fresh Vegetables;3/30/2015;1415;396.2
Chocolates;11/26/2015;1563;422.01
Health Drinks;04/06/2015;1801;720.4
Cookies;05/04/2018;1890;718.2
Cookies;9/22/2018;1572;267.24
Legumes;8/22/2017;1974;197.4
Flour;06/02/2017;1680;336
Legumes;8/17/2018;1005;130.65
Cakes;09/09/2018;2178;936.54
Organic Vegetables;03/12/2018;1961;196.1
Biscuits;09/03/2016;2239;626.92
Edible Oil & Ghee;12/22/2018;888;399.6
Cakes;3/30/2015;2392;789.36
Organic Staples;3/31/2018;2177;195.93
Biscuits;9/28/2016;1787;482.49
Fish;8/20/2018;2046;920.7
Meat;10/05/2018;2286;434.34
Breads & Buns;9/24/2016;695;125.1
Organic Vegetables;10/27/2017;1942;194.2
Edible Oil & Ghee;9/16/2017;1966;412.86
Fresh Vegetables;11/19/2016;1520;562.4
Fish;9/20/2017;1128;417.36
Meat;11/21/2018;577;46.16
Fresh Fruits;10/29/2016;865;250.85
Soft Drinks;4/30/2018;588;99.96
Chocolates;12/05/2016;1608;160.8
Noodles;5/30/2018;1924;711.88
Soft Drinks;8/25/2015;557;239.51
Spices;05/09/2017;1318;92.26
Cookies;02/01/2017;1311;131.1
Legumes;3/23/2016;1458;641.52
Salt;3/22/2016;750;127.5
Cookies;12/08/2018;1243;99.44
Fish;12/29/2015;1933;521.91
Cakes;12/10/2015;1921;211.31
Chicken;12/10/2015;560;168
Biscuits;1/23/2018;1768;601.12
Breads & Buns;11/24/2015;1786;500.08
Biscuits;12/17/2018;1609;434.43
Health Drinks;09/04/2018;1002;140.28
Organic Staples;8/25/2015;1828;749.48
Breads & Buns;10/31/2015;920;303.6
Edible Oil & Ghee;12/23/2017;594;243.54
Biscuits;12/01/2018;1583;79.15
Cookies;07/11/2018;2331;186.48
Chicken;02/05/2018;1624;129.92
Health Drinks;3/18/2018;985;206.85
Organic Fruits;12/02/2018;660;145.2
Rice;7/26/2016;2097;733.95
Rice;7/21/2015;2144;128.64
Fresh Fruits;8/13/2016;2176;696.32
Fresh Fruits;03/07/2015;1182;153.66
Chocolates;3/18/2018;1390;125.1
Spices;9/24/2017;568;45.44
Cakes;7/21/2017;1726;258.9
Fish;10/05/2018;979;303.49
Chicken;9/16/2018;1278;63.9
Fresh Fruits;2/23/2018;567;255.15
Chocolates;10/15/2018;1801;612.34
Cookies;12/22/2018;1155;300.3
Edible Oil & Ghee;11/21/2017;1593;461.97
Soft Drinks;11/27/2018;1173;316.71
Biscuits;10/29/2016;926;231.5
Cakes;11/02/2018;1069;363.46
Chocolates;10/31/2015;2180;305.2
Chicken;03/07/2015;997;179.46
Chicken;12/18/2017;2110;759.6
Chocolates;7/23/2015;826;82.6
Fresh Vegetables;5/14/2018;786;322.26
Soft Drinks;12/18/2017;844;211
Cookies;06/12/2017;1631;81.55
Fresh Vegetables;8/20/2018;2411;120.55
Fish;11/24/2015;986;78.88
Soft Drinks;9/19/2015;1222;305.5
Noodles;06/05/2017;2305;276.6
Flour;3/19/2018;1497;209.58
Meat;09/11/2016;1692;236.88
Organic Staples;12/08/2017;1269;139.59
Meat;10/31/2017;1942;291.3
Rice;12/21/2018;926;101.86
Rice;8/18/2018;1016;365.76
Soft Drinks;5/19/2017;1984;277.76
Eggs;12/01/2017;1377;413.1
Fish;6/24/2018;1448;622.64
Soft Drinks;1/26/2016;583;198.22
Cakes;8/17/2018;714;64.26
Health Drinks;6/24/2018;1562;609.18
Rice;12/29/2015;1460;540.2
Cookies;8/21/2017;597;244.77
Spices;9/18/2017;575;92
Meat;9/20/2017;1142;102.78
Health Drinks;5/14/2018;2252;337.8
Soft Drinks;11/20/2017;1754;666.52
Chocolates;10/31/2015;2238;939.96
Eggs;09/09/2018;1553;186.36
Biscuits;11/26/2015;544;136
Spices;06/03/2018;2158;107.9
Fresh Fruits;5/19/2017;2093;272.09
Rice;12/08/2018;1608;369.84
Breads & Buns;08/07/2016;2325;581.25
Cakes;12/17/2017;1189;321.03
Soft Drinks;12/25/2018;702;49.14
Health Drinks;10/23/2016;2413;434.34
Biscuits;12/02/2018;2374;735.94
Soft Drinks;9/26/2016;2341;655.48
Health Drinks;12/26/2017;646;103.36
Eggs;12/18/2016;1928;154.24
Organic Staples;12/30/2018;548;164.4
Edible Oil & Ghee;12/30/2018;997;438.68
Fish;8/21/2017;779;350.55
Breads & Buns;03/02/2018;723;281.97
Organic Vegetables;10/31/2015;1243;186.45
Organic Staples;04/10/2016;700;105
Noodles;12/10/2018;2355;1012.65
Meat;02/02/2018;2414;700.06
Salt;9/19/2017;1645;658
Health Drinks;9/20/2017;2234;580.84
Fresh Fruits;9/20/2017;903;297.99
Salt;11/21/2018;940;235
Fish;12/02/2017;1099;285.74
Fish;1/24/2018;1698;526.38
Chicken;12/17/2017;1706;153.54
Organic Vegetables;11/17/2018;682;54.56
Organic Fruits;11/26/2017;1979;732.23
Chocolates;04/08/2015;640;32
Chicken;6/28/2016;829;331.6
Health Drinks;7/18/2017;1082;162.3
Chocolates;9/19/2018;1613;209.69
Health Drinks;8/17/2018;2353;611.78
Cookies;11/26/2015;2239;626.92
Health Drinks;12/25/2018;1606;321.2
Chocolates;10/31/2015;696;313.2
Soft Drinks;09/04/2018;2271;999.24
Flour;7/26/2016;716;93.08
Noodles;10/21/2015;1861;465.25
Meat;8/13/2018;1706;443.56
Fish;4/26/2016;1706;511.8
Cakes;12/08/2018;732;212.28
Cookies;12/29/2015;1268;545.24
Meat;10/27/2017;739;162.58
Health Drinks;12/02/2017;2089;814.71
Cakes;12/24/2018;2204;528.96
Edible Oil & Ghee;10/12/2018;868;78.12
Fish;06/02/2017;1536;537.6
Noodles;04/08/2015;1523;441.67
Noodles;5/28/2018;2414;217.26
Salt;3/22/2015;2140;428
Organic Staples;12/08/2016;1909;744.51
Eggs;11/17/2018;1078;485.1
Legumes;10/26/2016;1487;356.88
Health Drinks;7/18/2017;1168;198.56
Chocolates;12/10/2018;1531;336.82
Cookies;7/28/2018;1798;413.54
Chicken;05/12/2018;2304;414.72
Chocolates;9/15/2017;1482;192.66
Organic Staples;11/03/2018;2124;488.52
Cakes;5/21/2016;2318;509.96
Biscuits;9/23/2017;2089;814.71
Legumes;9/26/2016;559;44.72
Edible Oil & Ghee;9/26/2016;1877;375.4
Legumes;10/01/2016;1701;680.4
Biscuits;10/26/2016;1947;759.33
Biscuits;04/10/2017;1548;170.28
Cookies;3/16/2018;1543;524.62
Fresh Vegetables;10/13/2018;1832;567.92
Noodles;07/11/2018;774;85.14
Soft Drinks;1/23/2018;2149;580.23
Eggs;2/15/2015;1460;554.8
Chocolates;12/01/2018;891;89.1
Cookies;12/09/2018;1549;356.27
Cakes;01/06/2016;1820;782.6
Organic Vegetables;7/15/2017;1668;383.64
Cookies;9/13/2015;1671;601.56
Chicken;7/18/2017;2190;788.4
Cakes;3/16/2018;1826;529.54
Edible Oil & Ghee;9/28/2016;1306;156.72
Noodles;4/26/2015;1184;390.72
Cookies;7/26/2016;2045;429.45
Meat;3/14/2017;698;76.78
Fresh Vegetables;10/02/2016;1361;149.71
Organic Fruits;07/08/2015;2455;343.7
Breads & Buns;10/26/2016;1108;199.44
Cookies;09/09/2018;837;276.21
Chocolates;12/09/2015;1190;380.8
Organic Vegetables;9/26/2016;906;371.46
Organic Staples;12/21/2016;660;112.2
Edible Oil & Ghee;04/12/2015;1059;137.67
Eggs;12/31/2017;1602;672.84
Cakes;11/24/2015;1607;160.7
Health Drinks;10/16/2018;2313;601.38
Edible Oil & Ghee;8/17/2018;1680;218.4
Soft Drinks;04/09/2017;2166;108.3
Salt;8/18/2018;1677;385.71
Fresh Vegetables;9/25/2017;1369;410.7
Rice;10/26/2016;1705;647.9
Organic Staples;06/02/2017;2169;412.11
Legumes;9/25/2017;1982;515.32
Rice;9/26/2016;2031;162.48
Organic Staples;12/13/2015;557;139.25
Legumes;12/19/2017;1616;323.2
Flour;01/06/2016;1479;103.53
Breads & Buns;09/04/2016;501;170.34
Organic Fruits;12/09/2018;570;222.3
Cakes;7/18/2017;2462;984.8
Chicken;12/30/2015;1601;480.3
Meat;12/19/2017;952;57.12
Soft Drinks;11/17/2018;623;112.14
Biscuits;10/26/2016;2360;731.6
Health Drinks;12/02/2018;1312;524.8
Spices;9/26/2016;2347;281.64
Salt;07/05/2018;882;211.68
Fish;11/27/2017;2038;101.9
Fresh Vegetables;02/11/2017;1832;403.04
Cookies;3/13/2018;1816;108.96
Breads & Buns;10/12/2018;552;115.92
Soft Drinks;5/25/2016;1291;206.56
Soft Drinks;8/26/2017;1025;92.25
Organic Staples;09/08/2018;1884;697.08
Soft Drinks;08/11/2018;1278;460.08
Breads & Buns;9/21/2016;2154;667.74
Flour;4/21/2018;1935;425.7
Fresh Fruits;03/09/2016;743;193.18
Spices;03/01/2016;2186;568.36
Spices;03/09/2016;2024;748.88
Cakes;12/11/2018;1150;506
Biscuits;9/21/2016;1210;544.5
Salt;09/03/2016;2281;912.4
Organic Vegetables;3/24/2018;1518;288.42
Legumes;4/24/2018;1893;681.48
Chocolates;07/11/2016;1333;106.64
Health Drinks;3/20/2016;1285;552.55
Organic Vegetables;11/27/2016;1506;225.9
Fresh Vegetables;5/14/2018;1198;407.32
Breads & Buns;12/31/2015;2317;1042.65
Breads & Buns;11/27/2016;792;324.72
Biscuits;09/05/2017;733;329.85
Fish;11/13/2018;635;190.5
Organic Staples;5/30/2015;1824;802.56
Flour;9/25/2016;982;412.44
Biscuits;7/16/2016;887;168.53
Health Drinks;11/13/2018;583;128.26
Biscuits;5/30/2017;2088;689.04
Fish;11/13/2018;1617;113.19
Edible Oil & Ghee;02/06/2015;1592;191.04
Cookies;4/16/2018;1887;622.71
Health Drinks;5/18/2018;1642;164.2
Organic Fruits;09/08/2015;773;324.66
Breads & Buns;09/08/2015;910;63.7
Soft Drinks;5/18/2018;2387;620.62
Organic Vegetables;02/06/2015;1699;118.93
Legumes;8/27/2015;2478;569.94
Organic Vegetables;11/26/2017;1326;424.32
Organic Vegetables;07/02/2016;942;386.22
Soft Drinks;3/19/2015;1253;438.55
Soft Drinks;06/11/2016;1544;386
Cakes;3/19/2015;1105;187.85
Cookies;10/25/2017;545;43.6
Chocolates;11/04/2018;1474;456.94
Fresh Vegetables;01/02/2018;1448;492.32
Cookies;8/31/2016;1693;440.18
Flour;7/20/2015;1368;574.56
Cookies;11/17/2015;2499;224.91
Fish;3/22/2017;1703;698.23
Organic Vegetables;3/23/2016;2008;883.52
Meat;09/06/2016;727;43.62
Edible Oil & Ghee;12/25/2017;501;200.4
Eggs;11/11/2015;718;244.12
Noodles;3/19/2016;610;122
Meat;10/02/2015;1375;247.5
Salt;10/10/2017;2078;228.58
Salt;10/21/2018;2157;172.56
Fish;3/28/2018;2056;719.6
Legumes;04/01/2018;1750;577.5
Organic Vegetables;10/02/2015;2344;398.48
Cookies;11/10/2018;1477;561.26
Soft Drinks;11/14/2016;830;298.8
Fresh Vegetables;8/31/2016;1440;144
Flour;10/07/2017;1252;187.8
Fresh Vegetables;10/02/2015;702;224.64
Breads & Buns;11/14/2016;711;56.88
Chocolates;12/19/2015;1055;126.6
Noodles;11/16/2015;1357;583.51
Fresh Vegetables;10/27/2018;1993;757.34
Edible Oil & Ghee;12/19/2015;1586;491.66
Health Drinks;10/27/2018;1331;439.23
Flour;11/10/2018;1406;365.56
Cakes;1/14/2018;2204;220.4
Chocolates;12/25/2017;1109;310.52
Soft Drinks;12/18/2017;2147;364.99
Breads & Buns;11/10/2018;1825;766.5
Rice;9/24/2018;1541;678.04
Health Drinks;11/08/2016;1276;484.88
Salt;9/24/2018;1109;476.87
Rice;10/30/2016;1127;78.89
Chicken;11/08/2016;2406;336.84
Cookies;12/12/2017;1131;395.85
Fresh Vegetables;8/27/2018;1475;236
Soft Drinks;12/27/2018;2233;870.87
Edible Oil & Ghee;11/12/2018;2459;319.67
Chicken;11/24/2015;1616;614.08
Organic Fruits;07/10/2017;912;100.32
Eggs;03/05/2018;751;112.65
Cakes;08/01/2017;1229;368.7
Fresh Vegetables;11/16/2018;902;198.44
Cookies;7/24/2018;1611;128.88
Noodles;5/14/2017;1637;491.1
Organic Vegetables;06/01/2018;1531;505.23
Legumes;06/01/2018;1486;520.1
Rice;11/21/2017;837;150.66
Chicken;10/09/2016;1648;181.28
Rice;10/09/2016;2105;842
Organic Vegetables;12/08/2017;810;48.6
Fish;7/25/2017;1976;790.4
Legumes;7/25/2017;2156;258.72
Fresh Fruits;11/21/2016;1662;565.08
Edible Oil & Ghee;11/29/2017;877;298.18
Eggs;12/30/2015;517;67.21
Soft Drinks;4/18/2016;1482;592.8
Fresh Fruits;5/20/2015;2331;116.55
Flour;3/14/2018;1739;156.51
Fresh Vegetables;12/30/2015;1433;458.56
Noodles;4/18/2016;552;204.24
Chicken;11/30/2018;1570;549.5
Soft Drinks;09/04/2016;556;127.88
Chocolates;12/23/2017;1130;237.3
Organic Staples;12/23/2017;757;136.26
Soft Drinks;12/23/2017;2068;827.2
Edible Oil & Ghee;12/30/2015;1116;89.28
Fresh Fruits;12/09/2017;1922;480.5
Biscuits;11/05/2018;809;186.07
Rice;4/18/2016;1976;731.12
Soft Drinks;11/27/2017;1075;311.75
Health Drinks;09/08/2018;2314;439.66
Breads & Buns;07/08/2017;1466;483.78
Fresh Fruits;07/03/2018;1492;119.36
Spices;3/17/2016;1169;479.29
Soft Drinks;09/11/2016;2015;604.5
Fish;11/20/2018;1213;84.91
Soft Drinks;3/24/2018;800;184
Chocolates;11/09/2018;1846;498.42
Organic Staples;11/20/2018;1412;254.16
Legumes;12/24/2017;1298;506.22
Breads & Buns;10/16/2016;1748;751.64
Edible Oil & Ghee;07/07/2018;1001;450.45
Eggs;12/23/2017;2292;985.56
Fresh Vegetables;11/13/2018;1562;109.34
Organic Staples;09/08/2018;833;99.96
Chocolates;3/13/2017;545;70.85
Meat;6/19/2018;1751;787.95
Eggs;3/13/2017;647;226.45
Soft Drinks;12/30/2015;1476;265.68
Salt;3/13/2017;1102;198.36
Cookies;04/05/2015;1844;331.92
Fish;03/11/2015;1975;869
Fresh Fruits;7/16/2017;1376;509.12
Biscuits;11/24/2018;2458;147.48
Flour;12/23/2018;1396;307.12
Salt;03/11/2015;1400;336
Biscuits;08/07/2016;1777;799.65
Fresh Vegetables;11/18/2017;1863;689.31
Breads & Buns;3/31/2018;1302;403.62
Biscuits;10/18/2015;2285;251.35
Fresh Fruits;11/28/2017;1660;730.4
Cakes;11/02/2018;2128;744.8
Fish;5/26/2017;1660;99.6
Noodles;04/01/2018;2293;160.51
Soft Drinks;5/25/2016;1698;441.48
Meat;9/18/2016;2203;176.24
Legumes;01/02/2018;1716;154.44
Legumes;2/21/2017;2495;548.9
Noodles;10/24/2017;1440;633.6
Soft Drinks;8/21/2018;1075;182.75
Organic Staples;11/02/2015;2417;217.53
Noodles;04/06/2015;813;300.81
Cakes;2/18/2018;1735;381.7
Spices;12/10/2018;1252;363.08
Health Drinks;10/24/2017;900;297
Soft Drinks;05/02/2018;806;177.32
Biscuits;03/10/2018;606;193.92
Chicken;12/16/2018;1132;56.6
Fresh Fruits;12/16/2018;2141;256.92
Cookies;6/27/2018;1168;140.16
Legumes;12/27/2016;1691;388.93
Fish;10/30/2016;1979;356.22
Spices;6/15/2018;1920;633.6
Organic Staples;10/17/2018;1805;649.8
Soft Drinks;11/02/2015;1765;353
Chicken;11/21/2016;745;111.75
Breads & Buns;8/27/2018;1960;627.2
Fish;10/26/2016;2282;844.34
Rice;10/26/2016;1667;283.39
Noodles;03/01/2016;1386;318.78
Flour;08/04/2017;1097;197.46
Health Drinks;3/26/2015;697;202.13
Organic Fruits;08/02/2017;1943;796.63
Soft Drinks;2/18/2018;1766;406.18
Fresh Fruits;12/04/2016;1344;268.8
Soft Drinks;8/15/2017;2402;1056.88
Meat;10/19/2015;730;131.4
Fish;6/20/2016;1906;648.04
Legumes;02/11/2018;2035;529.1
Soft Drinks;11/25/2018;2269;726.08
Organic Staples;02/07/2017;1240;384.4
Cookies;10/30/2016;1253;513.73
Health Drinks;6/25/2015;691;124.38
Rice;09/11/2018;1489;282.91
Health Drinks;7/21/2018;612;134.64
Flour;10/30/2016;2353;211.77
Eggs;6/20/2017;693;284.13
Soft Drinks;11/26/2016;2267;974.81
Edible Oil & Ghee;04/01/2017;1382;69.1
Cookies;10/29/2015;1333;559.86
Chocolates;10/28/2015;2431;486.2
Biscuits;12/25/2016;1370;260.3
Fresh Vegetables;2/15/2016;1043;114.73
Organic Fruits;2/20/2015;1808;470.08
Chocolates;11/03/2015;1451;188.63
Health Drinks;7/20/2018;838;217.88
Flour;7/15/2015;1617;501.27
Legumes;12/18/2018;855;128.25
Spices;5/13/2018;1813;108.78
Noodles;2/15/2016;2135;469.7
Salt;9/22/2018;1801;540.3
Cakes;9/24/2018;1178;117.8
Cakes;9/24/2018;905;280.55
Rice;2/15/2016;760;235.6
Eggs;9/25/2017;1485;430.65
Edible Oil & Ghee;10/02/2017;2077;311.55
Rice;10/19/2016;1238;309.5
Health Drinks;9/22/2018;2359;495.39
Health Drinks;12/31/2015;1194;465.66
Chicken;12/24/2016;1833;128.31
Eggs;11/25/2017;1109;99.81
Organic Fruits;7/29/2018;1682;504.6
Noodles;09/03/2018;1101;429.39
Spices;01/03/2017;881;299.54
Noodles;09/06/2017;1150;195.5
Edible Oil & Ghee;11/02/2016;1398;321.54
Flour;12/17/2017;1127;293.02
Cookies;11/25/2015;1701;663.39
Cookies;11/12/2015;2104;946.8
Edible Oil & Ghee;01/03/2017;1123;449.2
Cakes;5/30/2015;1239;346.92
Biscuits;11/16/2016;1952;468.48
Health Drinks;05/02/2016;839;218.14
Rice;11/11/2017;1792;627.2
Biscuits;6/20/2017;591;189.12
Salt;10/31/2018;2390;501.9
Chicken;3/26/2018;2466;369.9
Fresh Vegetables;8/28/2016;1608;498.48
Fish;3/26/2018;793;174.46
Noodles;3/30/2016;884;176.8
Salt;8/28/2016;1453;406.84
Chicken;09/08/2017;650;273
Organic Fruits;11/21/2015;1072;343.04
Organic Staples;01/03/2017;1471;161.81
Biscuits;10/10/2015;1434;114.72
Soft Drinks;11/23/2015;2254;991.76
Soft Drinks;05/04/2016;1533;444.57
Spices;11/20/2017;2363;189.04
Fresh Vegetables;10/10/2015;566;39.62
Edible Oil & Ghee;11/20/2016;1418;241.06
Eggs;08/01/2018;1685;168.5
Cookies;09/02/2015;683;54.64
Salt;10/02/2016;1614;645.6
Rice;2/16/2018;1880;752
Biscuits;10/25/2016;1622;502.82
Organic Staples;12/10/2016;2422;1041.46
Biscuits;9/18/2016;2452;1103.4
Organic Vegetables;11/01/2016;929;213.67
Fresh Fruits;08/05/2015;1552;496.64
Organic Staples;8/18/2017;2460;393.6
Health Drinks;10/02/2018;2389;597.25
Organic Staples;03/04/2017;2369;307.97
Cookies;4/28/2015;719;179.75
Noodles;09/02/2018;1046;449.78
Eggs;8/24/2016;863;43.15
Noodles;11/11/2017;668;173.68
Soft Drinks;11/14/2016;1569;298.11
Organic Fruits;11/14/2016;1081;237.82
Spices;1/23/2017;993;436.92
Eggs;7/19/2015;2406;914.28
Salt;01/02/2017;527;152.83
Fish;3/16/2016;2203;374.51
Fresh Vegetables;09/06/2016;1241;359.89
Rice;12/04/2015;1028;370.08
Salt;11/10/2018;1613;338.73
Health Drinks;2/21/2017;1978;375.82
Organic Fruits;2/27/2016;1105;320.45
Meat;09/02/2018;1068;128.16
Organic Fruits;6/26/2017;557;150.39
Soft Drinks;6/17/2017;1562;140.58
Cakes;9/17/2017;2496;673.92
Organic Vegetables;12/11/2018;509;50.9
Legumes;07/11/2015;1271;521.11
Spices;7/17/2017;2434;316.42
Organic Vegetables;09/02/2018;1567;548.45
Chicken;7/22/2018;517;56.87
Organic Staples;10/23/2018;1644;476.76
Spices;6/26/2017;766;283.42
Fresh Fruits;10/05/2018;913;54.78
Cakes;05/12/2017;1076;279.76
Rice;10/05/2018;721;165.83
Cakes;07/08/2018;1148;459.2
Soft Drinks;09/07/2016;1126;349.06
Spices;8/26/2017;1747;157.23
Cookies;07/06/2016;545;49.05
Salt;06/03/2018;1643;673.63
Soft Drinks;9/15/2018;1117;502.65
Edible Oil & Ghee;11/20/2015;2114;591.92
Noodles;02/06/2018;1541;493.12
Organic Fruits;8/26/2017;1707;597.45
Edible Oil & Ghee;12/05/2018;1754;491.12
Chocolates;4/16/2017;613;30.65
Biscuits;9/18/2016;1634;147.06
Salt;03/12/2018;1852;129.64
Flour;10/14/2017;1550;186
Health Drinks;11/25/2017;1237;470.06
Noodles;08/04/2015;621;124.2
Health Drinks;4/30/2016;606;121.2
Fish;11/28/2018;2474;1039.08
Organic Fruits;09/08/2018;1603;625.17
Health Drinks;03/05/2016;2471;444.78
Salt;11/12/2018;1107;88.56
Flour;01/12/2016;1495;313.95
Spices;8/26/2017;1869;579.39
Eggs;12/06/2017;1716;308.88
Organic Fruits;11/07/2017;795;39.75
Legumes;03/02/2015;2400;792
Fish;09/09/2018;2110;675.2
Fresh Vegetables;09/09/2018;1565;187.8
Spices;8/16/2016;775;224.75
Noodles;11/04/2018;2227;556.75
Fresh Vegetables;12/04/2018;2480;744
Rice;8/14/2017;1604;673.68
Organic Vegetables;11/16/2018;1152;414.72
Fresh Fruits;12/02/2015;1556;466.8
Eggs;2/24/2018;1634;81.7
Soft Drinks;9/14/2018;1605;272.85
Fresh Fruits;12/05/2015;1915;383
Eggs;10/26/2018;2476;693.28
Breads & Buns;8/14/2017;2468;271.48
Cakes;8/14/2017;1017;447.48
Soft Drinks;12/05/2015;1940;659.6
Rice;12/02/2018;692;235.28
Legumes;01/12/2016;859;266.29
Biscuits;11/24/2018;951;114.12
Meat;11/05/2017;871;113.23
Organic Fruits;09/01/2017;2435;681.8
Soft Drinks;11/16/2018;1277;204.32
Chicken;01/12/2016;605;242
Fresh Fruits;4/16/2016;2032;223.52
Soft Drinks;09/07/2015;2478;619.5
Legumes;11/28/2017;901;252.28
Organic Fruits;01/12/2016;1811;760.62
Noodles;10/09/2017;2155;581.85
Organic Vegetables;10/19/2018;2446;587.04
Cakes;8/16/2016;582;46.56
Legumes;11/02/2018;2422;1041.46
Chicken;10/22/2018;998;209.58
Cakes;4/30/2018;984;403.44
Health Drinks;09/07/2016;964;424.16
Rice;03/05/2016;1307;548.94
Cookies;09/09/2018;1009;70.63
Spices;09/07/2015;2220;310.8
Cookies;11/17/2018;813;130.08
Breads & Buns;12/02/2015;973;243.25
Chicken;11/21/2015;1836;201.96
Chocolates;04/04/2015;983;403.03
Fish;5/30/2017;2317;949.97
Rice;9/18/2018;981;176.58
Meat;6/23/2016;889;293.37
Edible Oil & Ghee;09/12/2017;1772;708.8
Fresh Vegetables;6/13/2016;2299;988.57
Meat;4/20/2016;2215;841.7
Salt;12/14/2018;1569;329.49
Fresh Vegetables;8/17/2015;2022;181.98
Soft Drinks;1/17/2017;506;65.78
Organic Vegetables;9/19/2016;2174;934.82
Chicken;12/27/2015;1520;684
Fresh Fruits;12/14/2018;1557;513.81
Breads & Buns;11/17/2018;1650;643.5
Breads & Buns;04/07/2015;2156;754.6
Cakes;7/31/2016;2500;225
Meat;5/30/2017;1719;653.22
Noodles;3/21/2015;1192;202.64
Health Drinks;9/18/2018;2412;675.36
Legumes;11/12/2016;1784;588.72
Soft Drinks;10/16/2018;1721;206.52
Noodles;07/01/2015;2150;602
Chocolates;11/03/2018;508;45.72
Cookies;10/20/2018;1291;516.4
Breads & Buns;06/04/2018;2189;350.24
Chocolates;4/30/2018;2025;830.25
Chocolates;5/27/2018;1693;457.11
Noodles;12/27/2016;1301;312.24
Chicken;10/04/2017;1319;197.85
Cookies;12/15/2016;1551;573.87
Organic Fruits;6/15/2018;551;165.3
Cookies;01/04/2017;1814;253.96
Organic Vegetables;12/11/2018;1336;561.12
Breads & Buns;11/20/2017;1065;287.55
Chocolates;5/14/2017;525;215.25
Chocolates;3/31/2016;2437;804.21
Organic Fruits;12/27/2016;2218;931.56
Cakes;09/10/2017;1944;505.44
Fish;6/15/2018;865;380.6
Legumes;9/22/2017;531;31.86
Meat;11/01/2015;2013;442.86
Biscuits;11/09/2018;1656;579.6
Eggs;04/03/2015;2209;706.88
Fish;11/24/2017;690;172.5
Spices;11/20/2017;1492;149.2
Salt;10/08/2018;868;260.4
Health Drinks;02/09/2017;671;201.3
Soft Drinks;03/09/2018;521;182.35
Fresh Fruits;09/03/2016;1715;343
Chicken;9/25/2016;1189;475.6
Spices;8/18/2018;1068;85.44
Noodles;01/10/2017;835;334
Fresh Fruits;04/06/2015;2259;971.37
Cookies;8/21/2017;731;321.64
Organic Fruits;04/03/2015;1900;437
Organic Vegetables;11/15/2017;1056;411.84
Fresh Fruits;3/26/2015;1449;101.43
Breads & Buns;12/05/2016;2493;1022.13
Fish;10/20/2016;667;193.43
Fresh Fruits;02/09/2017;1500;360
Spices;11/07/2017;1259;239.21
Spices;7/23/2015;2331;815.85
Chicken;08/07/2017;764;183.36
Cakes;2/14/2015;1275;522.75
Organic Staples;10/14/2017;2493;349.02
Cookies;09/09/2018;1519;592.41
Legumes;12/08/2016;1253;451.08
Salt;10/08/2018;1272;508.8
Health Drinks;5/28/2015;2444;586.56
Breads & Buns;01/09/2017;1174;457.86
Biscuits;9/19/2018;1738;173.8
Health Drinks;7/26/2018;1525;198.25
Salt;8/25/2015;1647;197.64
Soft Drinks;06/03/2018;1366;368.82
Fish;07/11/2018;1015;436.45
Organic Vegetables;09/03/2016;2182;414.58
Organic Vegetables;10/12/2018;2092;732.2
Chocolates;03/02/2018;1730;86.5
Cakes;10/13/2018;1323;343.98
Organic Fruits;5/27/2018;2150;903
Meat;7/26/2015;2226;779.1
Biscuits;3/20/2018;1276;242.44
Flour;11/24/2017;1851;148.08
Organic Staples;09/05/2017;1647;214.11
Chocolates;11/27/2018;1215;437.4
Meat;10/31/2015;1749;682.11
Flour;8/18/2018;2065;805.35
Cookies;06/03/2018;1514;181.68
Organic Vegetables;10/05/2018;1199;515.57
Chicken;12/02/2018;1586;570.96
Meat;10/08/2018;660;118.8
Cookies;12/25/2017;1113;422.94
Chocolates;02/02/2018;1246;373.8
Health Drinks;12/26/2017;700;217
Fresh Vegetables;8/21/2017;719;244.46
Organic Fruits;5/26/2015;1546;401.96
Fresh Vegetables;5/26/2015;1309;65.45
Breads & Buns;9/28/2016;1349;310.27
Fresh Vegetables;4/13/2016;1150;299
Spices;5/22/2017;1713;359.73
Biscuits;10/13/2018;997;239.28
Cookies;11/15/2017;1573;157.3
Noodles;9/23/2015;2253;698.43
Fresh Fruits;12/02/2018;1109;432.51
Fish;03/01/2017;1156;184.96
Breads & Buns;12/25/2017;511;86.87
Flour;12/02/2017;2318;370.88
Organic Fruits;9/24/2018;623;112.14
Health Drinks;8/17/2018;1512;181.44
Legumes;6/15/2016;990;445.5
Eggs;9/24/2018;1448;173.76
Salt;05/01/2016;1788;625.8
Flour;03/02/2018;1907;362.33
Salt;3/22/2016;2380;999.6
Edible Oil & Ghee;4/26/2016;2467;937.46
Health Drinks;8/20/2018;1359;95.13
Soft Drinks;12/29/2015;996;199.2
Cakes;7/23/2015;1917;383.4
Organic Staples;1/24/2018;1073;96.57
Chocolates;11/16/2016;1935;715.95
Fresh Vegetables;9/29/2017;1956;567.24
Breads & Buns;9/19/2018;1983;436.26
Soft Drinks;3/15/2016;1751;682.89
Meat;5/28/2018;1457;480.81
Health Drinks;04/12/2015;1554;699.3
Health Drinks;7/28/2018;785;47.1
Soft Drinks;12/22/2018;1915;134.05
Breads & Buns;3/24/2017;2000;100
Cookies;9/26/2016;2275;295.75
Soft Drinks;5/28/2018;1919;307.04
Salt;8/21/2017;1790;411.7
Fish;05/04/2018;1676;636.88
Health Drinks;4/30/2016;1205;144.6
Fresh Fruits;02/05/2018;2413;1037.59
Chocolates;2/23/2018;746;104.44
Edible Oil & Ghee;11/12/2018;599;227.62
Biscuits;12/29/2015;1811;742.51
Biscuits;07/11/2018;1384;525.92
Meat;7/23/2015;2278;637.84
Meat;12/02/2018;1504;210.56
Organic Fruits;1/23/2018;2217;554.25
Spices;5/28/2015;2115;148.05
Organic Staples;01/09/2017;1757;105.42
Chocolates;12/27/2016;1350;432
Organic Staples;5/21/2017;2176;108.8
Salt;04/12/2015;1200;240
Organic Staples;12/25/2017;1823;91.15
Fresh Vegetables;12/18/2017;1936;329.12
Organic Staples;7/30/2016;1193;178.95
Cookies;09/07/2015;983;167.11
Edible Oil & Ghee;3/24/2016;1856;779.52
Soft Drinks;7/25/2018;2442;781.44
Fish;6/13/2018;819;319.41
Health Drinks;3/30/2015;520;150.8
Chocolates;2/17/2018;2224;822.88
Fish;3/19/2016;1290;516
Chocolates;6/22/2016;1294;517.6
Chocolates;09/02/2017;620;117.8
Cakes;9/21/2015;1154;426.98
Organic Fruits;9/19/2017;773;123.68
Biscuits;12/31/2015;1897;341.46
Chicken;9/14/2018;586;29.3
Eggs;11/02/2016;821;229.88
Health Drinks;12/01/2018;1086;184.62
Salt;2/17/2018;2076;747.36
Biscuits;9/19/2017;1758;544.98
Breads & Buns;09/09/2015;2133;767.88
Soft Drinks;2/17/2018;1849;332.82
Edible Oil & Ghee;8/22/2018;1153;138.36
Cookies;04/06/2015;1869;616.77
Meat;2/17/2018;910;154.7
Fresh Fruits;10/30/2018;2317;486.57
Organic Fruits;9/16/2017;763;343.35
Chicken;04/02/2018;781;101.53
Meat;12/20/2015;2265;294.45
Edible Oil & Ghee;12/20/2015;884;238.68
Meat;10/02/2018;1565;641.65
Organic Fruits;10/02/2018;704;70.4
Edible Oil & Ghee;10/02/2018;901;45.05
Cakes;10/02/2018;2229;334.35
Organic Staples;05/09/2018;990;386.1
Eggs;12/16/2015;1014;283.92
Chocolates;02/08/2015;1624;276.08
Organic Fruits;2/19/2018;2153;602.84
Cookies;11/30/2018;2342;936.8
Health Drinks;6/14/2017;2228;111.4
Fish;07/08/2018;1787;696.93
Salt;12/05/2018;1583;253.28
Biscuits;3/23/2018;701;119.17
Organic Vegetables;06/08/2018;1341;187.74
Breads & Buns;06/11/2018;2030;487.2
Noodles;9/28/2018;1920;518.4
Fresh Fruits;12/16/2015;1869;411.18
Organic Vegetables;9/26/2015;620;117.8
Noodles;8/22/2017;1028;318.68
Cakes;11/12/2017;912;328.32
Organic Fruits;9/21/2016;1043;302.47
Health Drinks;12/11/2017;966;86.94
Soft Drinks;10/24/2016;1403;238.51
Fish;11/03/2018;633;50.64
Spices;12/18/2017;798;135.66
Edible Oil & Ghee;10/21/2018;1593;509.76
Biscuits;12/21/2018;1852;648.2
Health Drinks;3/13/2018;1589;238.35
Organic Fruits;9/21/2016;542;27.1
Cookies;11/21/2017;1473;117.84
Edible Oil & Ghee;9/29/2018;2028;365.04
Noodles;03/11/2017;917;192.57
Chocolates;9/29/2018;2100;735
Eggs;9/29/2018;1735;86.75
Organic Fruits;11/19/2018;981;166.77
Soft Drinks;02/05/2017;589;212.04
Spices;02/05/2017;2376;926.64
Fresh Fruits;12/01/2017;819;303.03
Meat;4/15/2015;2329;675.41
Chocolates;07/04/2017;1997;299.55
Soft Drinks;11/28/2015;1184;485.44
Breads & Buns;6/14/2017;1637;130.96
Spices;11/12/2018;2110;611.9
Chocolates;11/12/2018;2408;192.64
Rice;10/10/2015;2006;421.26
Eggs;09/02/2018;918;229.5
Breads & Buns;7/18/2015;1840;772.8
Meat;09/12/2017;1186;59.3
Breads & Buns;09/11/2018;1417;481.78
Biscuits;9/22/2018;933;214.59
Cookies;11/16/2016;2397;191.76
Organic Vegetables;11/16/2016;1988;497
Soft Drinks;08/09/2016;802;296.74
Cookies;11/16/2016;1136;136.32
Soft Drinks;5/23/2016;2178;675.18
Fish;06/12/2017;2034;488.16
Spices;6/30/2018;1195;59.75
Cookies;9/17/2018;955;334.25
Biscuits;3/29/2017;1061;297.08
Cakes;02/03/2018;2238;783.3
Fresh Fruits;6/30/2018;935;420.75
Rice;06/12/2017;1678;453.06
Legumes;12/21/2016;916;100.76
Rice;8/18/2017;1956;567.24
Organic Staples;11/29/2017;2375;546.25
Eggs;09/09/2017;1146;481.32
Organic Vegetables;8/18/2017;1274;356.72
Legumes;03/04/2018;502;50.2
Health Drinks;11/27/2016;1068;480.6
Legumes;08/02/2016;1224;208.08
Organic Vegetables;01/12/2018;1231;381.61
Noodles;04/04/2017;1947;525.69
Cookies;11/27/2016;2464;714.56
Chocolates;06/04/2016;596;214.56
Salt;10/03/2018;1149;344.7
Chocolates;09/03/2018;1516;379
Fresh Fruits;09/03/2018;1158;138.96
Eggs;11/25/2015;1025;174.25
Spices;9/23/2017;1660;498
Eggs;11/02/2018;694;229.02
Cakes;11/27/2016;645;141.9
Chicken;12/19/2016;1994;677.96
Noodles;07/03/2018;506;65.78
Chocolates;8/21/2017;1902;798.84
Rice;9/19/2016;1613;548.42
Rice;9/22/2016;1246;498.4
Cookies;9/17/2018;2281;661.49
Soft Drinks;04/01/2017;2044;531.44
Fresh Fruits;3/31/2018;793;348.92
Legumes;4/17/2017;1936;484
Soft Drinks;9/29/2015;1507;75.35
Legumes;11/19/2016;1631;195.72
Health Drinks;12/03/2018;2344;586
Spices;1/28/2018;1141;387.94
Flour;11/02/2018;1471;88.26
Fish;5/25/2016;1268;405.76
Breads & Buns;4/19/2015;1575;582.75
Breads & Buns;11/11/2018;1961;509.86
Health Drinks;09/02/2018;1590;699.6
Salt;3/13/2016;2296;551.04
Meat;12/01/2016;1848;739.2
Cakes;9/29/2015;2324;581
Noodles;12/09/2018;1280;537.6
Chocolates;3/18/2015;1694;677.6
Organic Fruits;9/15/2018;1982;574.78
Soft Drinks;2/26/2018;2371;308.23
Fresh Vegetables;3/13/2016;1261;340.47
Edible Oil & Ghee;12/01/2016;731;73.1
Salt;05/11/2016;1839;183.9
Edible Oil & Ghee;12/09/2018;1123;325.67
Spices;5/19/2018;1183;414.05
Breads & Buns;6/22/2018;934;298.88
Cakes;09/07/2015;858;188.76
Edible Oil & Ghee;1/14/2018;2161;756.35
Soft Drinks;11/26/2018;2126;595.28
Eggs;09/12/2015;1453;145.3
Health Drinks;4/22/2017;803;273.02
Organic Fruits;6/14/2015;563;168.9
Organic Staples;11/26/2018;627;257.07
Chicken;11/10/2016;2124;892.08
Health Drinks;11/26/2018;2079;353.43
Soft Drinks;06/09/2017;1880;319.6
Organic Fruits;12/12/2017;621;223.56
Organic Fruits;11/18/2018;2012;442.64
Edible Oil & Ghee;3/20/2017;1094;426.66
Soft Drinks;11/17/2015;1720;670.8
Chicken;07/09/2018;1075;451.5
Edible Oil & Ghee;5/30/2017;2116;253.92
Noodles;09/07/2015;1567;438.76
Salt;08/08/2015;2215;110.75
Soft Drinks;9/24/2016;583;134.09
Organic Vegetables;7/20/2015;823;189.29
Salt;11/22/2016;2014;543.78
Eggs;12/26/2016;976;409.92
Edible Oil & Ghee;07/12/2015;895;116.35
Spices;6/19/2018;506;96.14
Cakes;3/30/2016;1294;569.36
Health Drinks;8/17/2018;2228;668.4
Health Drinks;03/01/2015;1818;363.6
Fresh Fruits;9/13/2015;1056;359.04
Spices;11/18/2017;727;232.64
Organic Vegetables;10/12/2018;1863;130.41
Fish;9/25/2015;1552;108.64
Fresh Fruits;2/17/2018;1333;253.27
Cookies;12/14/2018;1667;433.42
Noodles;05/11/2018;861;198.03
Chocolates;4/20/2018;784;156.8
Legumes;8/17/2018;2362;566.88
Chocolates;09/03/2017;1286;450.1
Flour;12/29/2015;737;147.4
Health Drinks;4/30/2017;1425;541.5
Eggs;11/12/2018;1187;249.27
Organic Staples;8/23/2017;1565;532.1
Edible Oil & Ghee;7/20/2015;2074;642.94
Health Drinks;7/28/2017;794;262.02
Cakes;7/28/2017;1771;141.68
Soft Drinks;7/16/2016;893;348.27
Rice;09/01/2016;811;210.86
Health Drinks;10/04/2018;730;138.7
Rice;03/11/2018;1560;421.2
Organic Fruits;07/06/2016;1502;570.76
Salt;12/31/2015;2172;412.68
Chocolates;12/23/2018;1264;176.96
Rice;8/21/2018;764;53.48
Salt;09/01/2016;1790;304.3
Meat;04/04/2016;1926;231.12
Fresh Fruits;09/08/2017;2210;950.3
Meat;12/01/2018;1491;298.2
Spices;9/21/2016;1943;582.9
Organic Vegetables;7/23/2016;1239;136.29
Soft Drinks;8/21/2018;1631;685.02
Rice;09/11/2016;1253;288.19
Organic Fruits;7/17/2018;819;122.85
Cookies;11/28/2018;1012;283.36
Health Drinks;11/28/2018;2105;610.45
Soft Drinks;12/31/2015;1247;511.27
Meat;12/02/2017;1435;172.2
Edible Oil & Ghee;11/09/2015;1541;107.87
Edible Oil & Ghee;09/08/2015;595;249.9
Chicken;08/12/2017;2216;199.44
Meat;11/14/2015;1707;170.7
Noodles;09/06/2016;2009;683.06
Cookies;4/26/2017;1109;199.62
Flour;6/27/2018;2447;856.45
Health Drinks;12/27/2015;531;159.3
Breads & Buns;03/10/2018;597;173.13
Organic Fruits;04/05/2016;1422;426.6
Health Drinks;03/10/2018;1249;224.82
Chicken;10/04/2016;1483;237.28
Fresh Fruits;4/22/2018;2381;595.25
Organic Staples;4/23/2015;672;134.4
Spices;04/05/2016;689;282.49
Cookies;6/14/2016;2216;686.96
Spices;05/06/2017;540;129.6
Chicken;11/10/2017;924;351.12
Biscuits;01/11/2017;2101;315.15
Noodles;4/23/2015;1229;442.44
Salt;4/23/2015;1630;700.9
Cookies;12/14/2018;2063;247.56
Breads & Buns;11/20/2016;1109;443.6
Fresh Fruits;5/13/2018;1490;238.4
Legumes;11/03/2017;1763;722.83
Edible Oil & Ghee;3/28/2015;783;274.05
Soft Drinks;9/17/2016;1388;513.56
Soft Drinks;4/19/2017;953;181.07
Eggs;03/11/2018;1095;372.3
Eggs;04/05/2016;2237;559.25
Breads & Buns;12/22/2018;1453;334.19
Edible Oil & Ghee;11/20/2018;682;293.26
Cookies;9/22/2017;963;414.09
Health Drinks;11/15/2016;1969;669.46
Edible Oil & Ghee;3/13/2017;2230;869.7
Soft Drinks;7/24/2016;2068;496.32
Noodles;1/26/2015;1354;176.02
Organic Fruits;1/26/2015;2122;530.5
Health Drinks;06/12/2018;1689;253.35
Health Drinks;3/14/2015;1850;370
Cakes;04/08/2017;864;43.2
Chicken;5/25/2017;1291;387.3
Chocolates;03/11/2017;1353;311.19
Cakes;12/20/2017;2302;759.66
Chicken;09/05/2016;1329;345.54
Soft Drinks;10/20/2017;2443;219.87
Cookies;11/24/2015;2203;903.23
Cookies;01/06/2015;1504;616.64
Chicken;08/04/2017;1881;188.1
Breads & Buns;10/21/2017;813;252.03
Spices;3/18/2015;978;176.04
Noodles;3/18/2015;983;226.09
Legumes;4/23/2018;2385;810.9
Soft Drinks;4/23/2018;1783;606.22
Cookies;9/26/2018;1390;500.4
Edible Oil & Ghee;11/24/2017;2104;168.32
Health Drinks;4/30/2018;992;158.72
Cookies;10/07/2018;1426;228.16
Organic Fruits;5/20/2018;1836;165.24
Breads & Buns;12/24/2015;836;91.96
Biscuits;11/10/2017;828;215.28
Chicken;06/06/2018;2136;427.2
Fresh Fruits;11/13/2017;1087;391.32
Rice;9/20/2017;1638;458.64
Chocolates;3/18/2015;1534;322.14
Biscuits;11/24/2017;884;167.96
Soft Drinks;10/06/2018;2132;703.56
Biscuits;11/13/2017;564;118.44
Breads & Buns;11/03/2016;1773;478.71
Meat;12/14/2016;1318;79.08
Fresh Vegetables;9/19/2016;1712;547.84
Salt;12/14/2018;743;200.61
Fish;09/06/2016;1896;189.6
Rice;11/20/2016;2027;263.51
Rice;3/21/2018;2192;767.2
Flour;11/24/2017;1259;226.62
Meat;12/15/2018;2037;305.55
Legumes;07/08/2018;1135;147.55
Chicken;4/25/2015;1108;365.64
Rice;8/28/2018;2285;251.35
Cakes;05/03/2016;624;274.56
Chocolates;11/05/2015;1157;242.97
Biscuits;11/13/2016;911;209.53
Biscuits;11/06/2018;1919;767.6
Chicken;12/01/2018;2263;950.46
Cakes;10/11/2015;613;263.59
Organic Fruits;07/09/2015;1764;617.4
Eggs;10/17/2017;1236;197.76
Soft Drinks;02/10/2018;685;219.2
Chocolates;8/25/2016;890;267
Health Drinks;1/30/2018;1920;268.8
Fresh Vegetables;01/05/2016;508;76.2
Salt;5/30/2018;2386;835.1
Soft Drinks;04/08/2015;1659;282.03
Cookies;07/06/2015;1645;493.5
Organic Fruits;11/10/2018;558;50.22
Chicken;09/03/2016;1244;87.08
Rice;9/17/2017;2469;543.18
Fish;11/06/2018;1424;583.84
Organic Staples;2/20/2018;2286;114.3
Legumes;10/09/2017;846;118.44
Fresh Vegetables;9/24/2017;1037;414.8
Health Drinks;08/08/2017;570;142.5
Flour;12/24/2018;953;428.85
Salt;10/03/2017;1274;407.68
Legumes;6/13/2018;1063;265.75
Fresh Vegetables;11/07/2017;2454;588.96
Chocolates;12/24/2018;838;268.16
Edible Oil & Ghee;4/25/2015;2139;149.73
Organic Fruits;6/18/2016;1952;683.2
Fish;4/24/2017;525;168
Eggs;08/01/2016;1423;640.35
Meat;10/10/2015;684;88.92
Chocolates;5/20/2018;658;256.62
Flour;12/01/2016;1537;599.43
Eggs;12/15/2017;1820;600.6
Salt;2/20/2018;642;44.94
Health Drinks;11/05/2018;720;50.4
Edible Oil & Ghee;4/14/2018;2109;463.98
Cookies;01/01/2018;2045;879.35
Fresh Fruits;11/14/2018;1290;528.9
Organic Vegetables;4/28/2016;1846;683.02
Chicken;6/15/2018;2452;122.6
Edible Oil & Ghee;11/05/2018;1069;406.22
Fresh Fruits;6/15/2018;1950;663
Organic Vegetables;8/26/2018;938;168.84
Spices;12/05/2016;704;133.76
Noodles;6/15/2018;1980;198
Eggs;9/29/2017;1670;517.7
Meat;05/03/2015;1407;337.68
Fresh Fruits;11/05/2018;957;114.84
Chicken;4/28/2016;2454;490.8
Edible Oil & Ghee;3/14/2015;2331;745.92
Soft Drinks;3/19/2016;897;80.73
Health Drinks;09/07/2015;1293;155.16
Cookies;9/18/2018;1073;300.44
Health Drinks;6/13/2018;1949;779.6
Organic Staples;3/30/2015;845;270.4
Health Drinks;07/02/2018;2440;756.4
Fresh Vegetables;2/17/2018;1224;367.2
Organic Vegetables;08/05/2018;1271;394.01
Edible Oil & Ghee;09/07/2015;1375;398.75
Chocolates;07/02/2018;1631;342.51
Health Drinks;09/03/2015;1062;329.22
Chicken;7/13/2016;1711;444.86
Flour;09/08/2017;2267;249.37
Cookies;9/14/2018;847;245.63
Salt;04/04/2018;1306;78.36
Fish;03/07/2016;1934;367.46
Salt;03/07/2016;1148;149.24
Fresh Fruits;11/26/2017;1103;143.39
Soft Drinks;05/08/2016;1828;493.56
Soft Drinks;1/15/2017;1501;300.2
Cakes;9/19/2017;898;278.38
Edible Oil & Ghee;07/02/2016;2055;554.85
Fish;9/19/2017;795;127.2
Fish;04/02/2018;2445;1051.35
Noodles;04/04/2018;1039;166.24
Noodles;9/14/2018;1960;862.4
Soft Drinks;10/22/2018;2081;166.48
Salt;06/07/2017;1697;203.64
Chicken;9/22/2017;2270;839.9
Legumes;8/27/2018;510;127.5
Organic Fruits;9/19/2017;1961;725.57
Biscuits;04/06/2015;701;126.18
Cakes;11/01/2016;1339;334.75
Meat;10/07/2017;691;165.84
Cakes;04/07/2016;916;201.52
Organic Staples;11/24/2017;2301;851.37
Breads & Buns;5/29/2016;1707;477.96
Spices;9/21/2015;2380;1023.4
Noodles;4/20/2018;673;255.74
Organic Fruits;8/27/2018;1464;483.12
Organic Staples;12/27/2017;1200;180
Eggs;09/09/2015;1311;550.62
Rice;9/21/2015;582;215.34
Fish;12/06/2016;1358;611.1
Organic Fruits;7/30/2018;1894;738.66
Chocolates;4/20/2018;766;237.46
Fresh Fruits;2/17/2018;1895;663.25
Organic Staples;7/25/2017;1991;816.31
Health Drinks;12/20/2015;1036;207.2
Breads & Buns;10/30/2018;2155;926.65
Soft Drinks;12/20/2015;2398;527.56
Cakes;10/13/2015;2287;205.83
Flour;04/04/2017;1752;455.52
Spices;10/13/2015;2386;691.94
Health Drinks;10/13/2015;1003;330.99
Soft Drinks;10/30/2018;2197;329.55
Organic Staples;10/30/2018;2126;850.4
Eggs;5/13/2015;1024;133.12
Salt;10/02/2018;1085;151.9
Soft Drinks;4/25/2018;2371;640.17
Fish;09/08/2018;1508;316.68
Spices;4/25/2018;2481;173.67
Edible Oil & Ghee;10/02/2018;895;205.85
Organic Vegetables;11/26/2017;1402;168.24
Salt;10/02/2018;1903;152.24
Fresh Vegetables;5/13/2015;899;80.91
Health Drinks;3/26/2018;2124;743.4
Fish;09/05/2018;1394;153.34
Fresh Vegetables;11/29/2016;1516;515.44
Cookies;9/21/2016;1043;469.35
Noodles;09/04/2018;1288;270.48
Biscuits;2/19/2018;767;46.02
Cookies;6/14/2017;1883;301.28
Organic Vegetables;9/26/2015;1144;446.16
Legumes;12/07/2015;1279;306.96
Meat;09/02/2017;2369;876.53
Health Drinks;05/09/2018;1370;465.8
Health Drinks;6/14/2017;621;260.82
Organic Vegetables;05/09/2018;2226;400.68
Cakes;03/10/2017;2186;174.88
Edible Oil & Ghee;11/10/2017;2325;627.75
Health Drinks;5/26/2015;661;251.18
Soft Drinks;11/17/2017;1176;399.84
Eggs;12/10/2017;1191;178.65
Organic Staples;06/11/2018;1077;226.17
Cookies;9/26/2018;1268;63.4
Cookies;07/01/2017;1319;131.9
Organic Fruits;9/28/2018;2110;865.1
Cakes;12/17/2018;2243;314.02
Cakes;12/05/2018;1307;483.59
Soft Drinks;12/18/2017;1215;449.55
Organic Fruits;9/28/2018;1808;452
Meat;12/24/2018;1760;211.2
Breads & Buns;05/03/2016;2295;481.95
Fresh Vegetables;9/23/2018;507;147.03
Soft Drinks;4/13/2016;2390;956
Breads & Buns;9/28/2018;1495;627.9
Cakes;06/11/2018;860;352.6
Breads & Buns;12/18/2017;1720;498.8
Breads & Buns;11/10/2017;2052;554.04
Organic Staples;12/18/2017;608;103.36
Chocolates;06/11/2018;1775;355
Organic Vegetables;06/11/2018;2379;785.07
Cakes;10/12/2018;1418;255.24
Rice;10/17/2017;867;164.73
Cookies;05/09/2018;2361;802.74
Soft Drinks;3/23/2018;1295;142.45
Chocolates;12/05/2018;1324;476.64
Chicken;12/05/2018;791;55.37
Legumes;4/13/2016;2286;137.16
Breads & Buns;09/07/2018;1417;481.78
Breads & Buns;9/28/2018;590;247.8
Edible Oil & Ghee;10/06/2017;650;84.5
Health Drinks;10/06/2017;1730;363.3
Legumes;12/18/2017;1759;686.01
Organic Vegetables;5/20/2017;1458;320.76
Biscuits;6/26/2017;2090;856.9
Chocolates;11/09/2016;524;89.08
Rice;12/10/2018;1478;517.3
Edible Oil & Ghee;6/26/2017;1931;502.06
Noodles;6/26/2017;1706;341.2
Fresh Vegetables;05/10/2016;966;367.08
Organic Staples;3/13/2018;1639;229.46
Noodles;04/03/2017;1512;362.88
Noodles;11/04/2018;1207;519.01
Health Drinks;3/13/2018;1342;120.78
Chicken;3/13/2018;1371;274.2
Chocolates;11/04/2018;1814;798.16
Fresh Fruits;11/04/2018;2150;709.5
Health Drinks;05/10/2016;1512;665.28
Chicken;11/04/2018;720;244.8
Biscuits;07/01/2017;1499;269.82
Biscuits;12/10/2016;2360;141.6
Organic Fruits;10/20/2018;1023;306.9
Organic Fruits;12/10/2016;1912;554.48
Organic Vegetables;12/10/2016;2426;1018.92
Organic Staples;07/01/2017;1725;86.25
Cookies;6/19/2016;843;168.6
Fresh Vegetables;9/29/2018;2334;653.52
Organic Staples;9/29/2018;1107;210.33
Legumes;11/30/2018;1974;197.4
Health Drinks;12/18/2016;1746;453.96
Organic Staples;11/19/2018;1822;273.3
Breads & Buns;9/19/2018;1385;263.15
Flour;02/05/2017;509;35.63
Edible Oil & Ghee;02/05/2017;1114;256.22
Fish;06/04/2018;1473;530.28
Health Drinks;02/05/2017;838;159.22
Spices;02/05/2017;2305;968.1
Flour;5/24/2017;1486;148.6
Spices;02/05/2017;558;111.6
Soft Drinks;5/24/2017;1815;326.7
Fresh Fruits;06/04/2018;2346;258.06
Organic Fruits;02/05/2017;1566;501.12
Edible Oil & Ghee;04/07/2015;1486;148.6
Organic Staples;02/05/2017;1082;421.98
Legumes;10/12/2018;816;334.56
Cookies;12/01/2017;2390;669.2
Salt;4/15/2015;2286;640.08
Chocolates;09/11/2018;1952;117.12
Fresh Vegetables;10/10/2015;2151;817.38
Cookies;09/11/2018;2363;354.45
Organic Staples;11/28/2015;1750;420
Health Drinks;11/10/2018;1779;355.8
Cookies;12/01/2017;1389;263.91
Fresh Fruits;9/19/2015;1454;450.74
Soft Drinks;11/06/2018;2059;205.9
Chocolates;12/01/2017;1057;359.38
Breads & Buns;11/03/2015;906;108.72
Legumes;11/28/2015;692;193.76
Salt;11/06/2018;2017;121.02
Soft Drinks;11/06/2018;1941;543.48
Salt;12/30/2017;2196;790.56
Fresh Fruits;11/06/2018;958;249.08
Soft Drinks;7/25/2017;2285;868.3
Health Drinks;12/30/2017;864;345.6
Organic Staples;11/29/2016;2444;782.08
Fresh Vegetables;11/12/2018;2151;795.87
Cookies;07/10/2017;1600;544
Legumes;05/06/2017;2372;237.2
Meat;12/11/2018;2082;666.24
Health Drinks;11/06/2018;1508;618.28
Legumes;5/25/2016;848;313.76
Edible Oil & Ghee;04/09/2017;1682;403.68
Flour;06/03/2015;1789;178.9
Noodles;5/25/2016;1316;434.28
Fresh Fruits;12/11/2018;2232;959.76
Health Drinks;8/23/2015;2168;693.76
Fresh Vegetables;11/25/2018;505;126.25
Edible Oil & Ghee;2/22/2016;2037;488.88
Breads & Buns;11/06/2018;1720;653.6
Chocolates;9/14/2016;1467;616.14
Biscuits;10/17/2017;1634;653.6
Health Drinks;5/18/2018;1637;229.18
Biscuits;5/18/2018;1542;262.14
Chocolates;9/22/2018;2236;804.96
Flour;11/16/2016;2113;591.64
Breads & Buns;5/23/2016;1847;258.58
Cakes;09/04/2018;1792;89.6
Fresh Fruits;10/20/2015;2475;396
Eggs;03/04/2018;910;391.3
Spices;02/03/2018;1704;102.24
Meat;10/20/2015;1992;517.92
Organic Fruits;03/04/2018;2216;642.64
Edible Oil & Ghee;12/05/2017;870;43.5
Organic Fruits;12/21/2016;1611;257.76
Biscuits;02/03/2018;2139;128.34
Noodles;09/05/2017;2164;281.32
Noodles;10/27/2018;1276;484.88
Soft Drinks;9/17/2018;1364;531.96
Fresh Vegetables;3/29/2017;1956;430.32
Fresh Fruits;6/18/2018;911;109.32
Cakes;06/12/2017;2417;652.59
Cookies;10/20/2015;1985;833.7
Fresh Fruits;5/13/2016;2100;483
Organic Staples;02/03/2018;1580;158
Health Drinks;06/12/2017;2404;552.92
Organic Vegetables;06/12/2017;1333;506.54
Legumes;12/08/2016;1203;168.42
Soft Drinks;10/20/2015;1863;279.45
Fresh Fruits;06/12/2017;1508;316.68
Fresh Fruits;11/30/2016;757;280.09
Health Drinks;06/12/2017;669;107.04
Noodles;9/17/2018;541;75.74
Edible Oil & Ghee;11/13/2018;758;325.94
Fish;09/02/2017;2479;347.06
Chicken;09/10/2017;1519;106.33
Edible Oil & Ghee;09/03/2018;1682;151.38
Cookies;08/02/2016;1955;801.55
Breads & Buns;09/10/2017;1928;848.32
Breads & Buns;04/04/2017;1179;436.23
Organic Fruits;10/03/2018;1899;778.59
Spices;3/16/2016;928;167.04
Chicken;9/25/2016;1020;183.6
Fresh Fruits;11/22/2016;1426;427.8
Organic Staples;11/27/2016;919;404.36
Spices;11/17/2015;1188;71.28
Rice;9/19/2017;1712;342.4
Noodles;11/22/2016;501;65.13
Flour;06/04/2016;1580;616.2
Meat;09/03/2018;1534;245.44
Cookies;12/18/2017;1637;196.44
Chocolates;11/25/2015;1616;323.2
Cookies;11/08/2018;1428;471.24
Organic Staples;10/01/2016;1063;340.16
Cakes;11/27/2016;1829;713.31
Spices;12/19/2016;772;270.2
Chocolates;9/19/2017;1125;236.25
Legumes;5/31/2016;1863;670.68
Salt;01/12/2018;1883;583.73
Organic Fruits;11/27/2016;842;244.18
Organic Vegetables;12/08/2018;1759;422.16
Legumes;12/03/2016;2323;905.97
Organic Fruits;12/05/2017;1527;152.7
Flour;5/13/2018;2025;121.5
Chocolates;8/22/2015;1522;578.36
Salt;6/13/2016;2192;854.88
Legumes;11/19/2015;984;265.68
Biscuits;9/22/2017;2274;204.66
Edible Oil & Ghee;4/29/2016;2029;324.64
Health Drinks;12/08/2017;1529;565.73
Cookies;9/23/2017;1369;150.59
Organic Vegetables;01/11/2017;1057;116.27
Eggs;01/11/2017;706;63.54
Health Drinks;08/12/2017;2022;586.38
Health Drinks;07/03/2018;1483;281.77
Fresh Fruits;07/03/2018;1589;715.05
Breads & Buns;9/23/2017;2023;283.22
Rice;9/23/2017;544;27.2
Organic Vegetables;11/30/2016;908;90.8
Edible Oil & Ghee;11/30/2016;1333;319.92
Flour;12/25/2018;1196;346.84
Breads & Buns;12/25/2018;1284;295.32
Edible Oil & Ghee;9/17/2018;1545;463.5
Legumes;9/22/2016;1714;137.12
Soft Drinks;12/25/2018;894;107.28
Chocolates;12/10/2018;2486;969.54
Salt;08/11/2018;1309;130.9
Fish;5/26/2016;2485;497
Biscuits;5/26/2016;1792;286.72
Cakes;09/10/2017;976;331.84
Organic Fruits;12/24/2017;2336;677.44
Breads & Buns;5/26/2016;1432;157.52
Flour;12/29/2017;957;421.08
Soft Drinks;12/29/2017;2397;1030.71
Organic Vegetables;09/06/2016;1568;423.36
Cookies;12/24/2017;1589;413.14
Soft Drinks;11/10/2018;1334;200.1
Edible Oil & Ghee;12/09/2018;1213;194.08
Edible Oil & Ghee;5/19/2018;552;231.84
Organic Staples;09/01/2017;1249;74.94
Salt;11/08/2016;1504;330.88
Organic Fruits;7/25/2015;705;282
Organic Vegetables;4/23/2015;2402;768.64
Flour;3/16/2018;1202;480.8
Meat;9/27/2016;598;215.28
Soft Drinks;3/16/2018;1598;575.28
Breads & Buns;11/11/2015;1056;211.2
Meat;12/09/2018;1507;406.89
Salt;5/19/2018;1217;535.48
Spices;4/18/2016;1049;251.76
Meat;12/16/2018;634;88.76
Chocolates;9/27/2016;1309;104.72
Chocolates;9/24/2018;720;115.2
Organic Staples;10/21/2017;770;331.1
Rice;11/02/2018;2411;626.86
Cakes;4/15/2017;1483;163.13
Organic Fruits;9/27/2016;1334;333.5
Organic Fruits;11/19/2015;2444;513.24
Chocolates;04/12/2016;760;273.6
Breads & Buns;12/01/2016;1341;415.71
Organic Vegetables;9/19/2017;1003;100.3
Edible Oil & Ghee;2/26/2018;1982;772.98
Eggs;10/15/2018;893;267.9
Salt;12/27/2015;1961;647.13
Legumes;11/11/2015;1425;85.5
Eggs;2/26/2018;1234;271.48
Cookies;2/26/2018;1331;66.55
Breads & Buns;7/25/2015;1653;115.71
Flour;09/02/2018;2225;845.5
Organic Fruits;11/02/2018;2040;632.4
Health Drinks;9/17/2016;629;276.76
Flour;12/01/2016;1521;212.94
Organic Fruits;12/01/2016;2082;520.5
Fresh Fruits;12/16/2018;1610;724.5
Legumes;9/24/2018;1792;788.48
Cookies;10/21/2017;964;106.04
Fish;3/13/2018;527;226.61
Health Drinks;11/02/2018;2009;562.52
Fresh Vegetables;3/13/2018;1801;702.39
Fresh Vegetables;11/02/2018;1530;306
Soft Drinks;4/18/2016;727;109.05
Health Drinks;3/13/2018;1935;135.45
Cookies;10/02/2016;519;140.13
Chocolates;09/08/2017;873;314.28
Legumes;07/04/2016;1430;400.4
Chocolates;03/07/2015;1654;512.74
Health Drinks;9/19/2017;1524;259.08
Organic Vegetables;10/21/2017;2051;635.81
Spices;08/03/2015;2138;149.66
Soft Drinks;09/08/2017;1021;316.51
Organic Vegetables;12/22/2017;2003;540.81
Salt;09/02/2018;670;100.5
Chicken;11/02/2018;1615;193.8
Edible Oil & Ghee;03/02/2016;1947;447.81
Legumes;12/28/2018;1423;213.45
Fresh Fruits;07/01/2018;1953;468.72
Soft Drinks;08/10/2016;550;209
Cookies;1/14/2018;1666;249.9
Organic Staples;8/23/2017;2109;168.72
Spices;11/10/2016;562;207.94
Health Drinks;11/05/2017;985;403.85
Fresh Vegetables;12/01/2016;1512;589.68
Soft Drinks;2/20/2018;956;152.96
Health Drinks;5/30/2017;1868;354.92
Noodles;09/12/2015;2043;755.91
Breads & Buns;08/11/2017;667;166.75
Eggs;09/07/2015;1566;407.16
Chocolates;1/14/2018;1649;478.21
Cookies;7/28/2017;693;166.32
Organic Fruits;12/01/2016;505;196.95
Cakes;10/15/2017;1055;253.2
Biscuits;06/12/2016;2389;215.01
Chocolates;1/14/2018;2167;736.78
Fresh Fruits;12/12/2017;1556;482.36
Chocolates;08/02/2015;1391;431.21
Noodles;09/07/2015;1892;851.4
Noodles;2/20/2018;1891;567.3
Edible Oil & Ghee;10/15/2017;1259;151.08
Edible Oil & Ghee;5/30/2017;1354;135.4
Rice;09/05/2017;1451;551.38
Fish;08/10/2016;1652;264.32
Cakes;11/10/2016;736;95.68
Fresh Vegetables;09/07/2018;1196;203.32
Noodles;5/17/2015;767;61.36
Noodles;11/11/2018;801;64.08
Spices;08/08/2015;2138;598.64
Eggs;8/23/2017;1311;367.08
Noodles;04/06/2018;1815;127.05
Cakes;12/01/2016;2396;551.08
Legumes;11/10/2016;2266;589.16
Soft Drinks;09/12/2015;856;273.92
Cakes;8/28/2018;1467;396.09
Breads & Buns;10/22/2018;1383;221.28
Cookies;12/22/2016;1769;495.32
Health Drinks;11/16/2015;2493;448.74
Fish;9/24/2016;1699;169.9
Fish;1/21/2018;1016;314.96
Spices;10/15/2017;1858;836.1
Health Drinks;08/10/2016;821;65.68
Eggs;8/23/2017;2191;328.65
Cookies;12/17/2018;1186;71.16
Meat;07/01/2018;1438;647.1
Fish;07/01/2018;2225;534
Organic Vegetables;11/18/2017;959;249.34
Meat;5/30/2017;605;145.2
Organic Staples;8/28/2018;2109;421.8
Rice;12/12/2017;980;294
Biscuits;5/30/2017;957;229.68
Soft Drinks;11/05/2017;1614;516.48
Edible Oil & Ghee;1/21/2018;1842;515.76
Soft Drinks;07/05/2016;1087;250.01
Edible Oil & Ghee;08/02/2015;746;59.68
Chocolates;12/28/2018;1250;525
Organic Vegetables;11/16/2015;2421;702.09
Eggs;5/29/2018;1032;185.76
Organic Fruits;4/17/2017;2147;880.27
Legumes;11/05/2017;1230;455.1
Flour;08/11/2017;1355;298.1
Chicken;11/16/2015;1497;464.07
Noodles;1/14/2018;2013;161.04
Soft Drinks;03/02/2016;786;275.1
Meat;10/15/2017;2344;632.88
Meat;11/16/2015;1750;472.5
Organic Vegetables;5/30/2017;2312;531.76
Spices;08/11/2017;631;164.06
Flour;7/28/2017;1319;290.18
Eggs;10/15/2017;2000;380
Legumes;5/30/2017;1134;192.78
Noodles;2/22/2017;1587;174.57
Flour;08/08/2015;737;331.65
Meat;10/15/2016;1505;316.05
Cookies;7/25/2017;1544;216.16
Noodles;7/16/2018;1860;837
Eggs;05/11/2018;2065;206.5
Chocolates;10/31/2018;585;257.4
Fresh Vegetables;11/18/2017;1014;375.18
Biscuits;11/12/2018;2254;495.88
Fresh Fruits;9/25/2015;2049;860.58
Chicken;07/12/2015;2244;852.72
Cakes;11/04/2018;1194;202.98
Breads & Buns;11/23/2015;706;35.3
Fresh Vegetables;11/18/2017;1351;81.06
Soft Drinks;4/18/2017;1386;304.92
Biscuits;05/11/2018;889;302.26
Fresh Fruits;10/12/2018;1619;679.98
Chicken;4/25/2015;2145;514.8
Soft Drinks;11/18/2017;510;117.3
Edible Oil & Ghee;4/22/2017;1843;737.2
Spices;05/11/2018;1159;278.16
Chicken;10/26/2018;1698;118.86
Edible Oil & Ghee;8/17/2018;1160;162.4
Cakes;05/06/2018;1951;370.69
Fish;4/25/2015;1881;583.11
Eggs;8/17/2018;508;71.12
Soft Drinks;03/08/2017;1960;725.2
Organic Staples;2/23/2015;2085;938.25
Biscuits;05/11/2015;653;143.66
Chocolates;03/01/2015;1822;255.08
Soft Drinks;3/17/2018;780;171.6
Chocolates;07/12/2015;2113;253.56
Fresh Vegetables;12/27/2016;2391;358.65
Salt;4/18/2017;2330;186.4
Meat;11/12/2018;2497;399.52
Fresh Fruits;7/20/2015;876;254.04
Health Drinks;8/31/2016;865;328.7
Fresh Vegetables;4/15/2018;1583;158.3
Cakes;4/16/2018;585;87.75
Meat;6/19/2016;2394;742.14
Organic Fruits;10/08/2017;1044;271.44
Cakes;07/10/2018;2246;157.22
Organic Fruits;07/12/2015;2156;668.36
Edible Oil & Ghee;9/25/2015;1028;51.4
Meat;8/23/2017;1434;143.4
Chicken;09/05/2017;618;185.4
Organic Fruits;09/07/2018;1749;542.19
Biscuits;09/05/2016;1344;147.84
Health Drinks;06/06/2015;908;108.96
Salt;10/14/2018;2352;964.32
Breads & Buns;11/13/2017;1710;444.6
Soft Drinks;6/19/2016;679;95.06
Cakes;9/25/2015;1431;429.3
Chicken;09/05/2017;2303;276.36
Breads & Buns;09/10/2018;1845;424.35
Organic Fruits;6/19/2018;1032;258
Rice;2/23/2015;1120;369.6
Noodles;09/05/2016;921;368.4
Edible Oil & Ghee;7/30/2017;1547;603.33
Chicken;04/11/2018;1785;124.95
Organic Staples;8/17/2018;736;316.48
Cakes;7/23/2017;992;376.96
Organic Vegetables;10/24/2016;2342;117.1
Cookies;11/22/2015;666;146.52
Chocolates;11/12/2018;572;217.36
Flour;09/05/2016;1604;160.4
Eggs;10/18/2016;1002;370.74
Meat;3/17/2018;1841;294.56
Flour;7/14/2015;1322;251.18
Organic Vegetables;4/30/2018;706;183.56
Fresh Fruits;05/11/2015;1519;227.85
Meat;10/14/2018;2220;999
Soft Drinks;9/30/2018;1880;282
Health Drinks;03/08/2017;963;134.82
Cookies;10/15/2016;1927;192.7
Chocolates;7/14/2015;2310;623.7
Meat;11/28/2018;751;270.36
Edible Oil & Ghee;4/24/2016;2353;517.66
Cookies;10/04/2017;1059;148.26
Salt;04/04/2018;1153;115.3
Chocolates;7/31/2018;1654;396.96
Spices;12/10/2017;1300;273
Fresh Vegetables;12/14/2018;991;287.39
Eggs;12/27/2016;826;74.34
Chocolates;12/25/2016;2189;240.79
Organic Fruits;1/15/2017;1032;278.64
Fresh Fruits;04/04/2016;762;53.34
Fresh Vegetables;09/08/2015;974;97.4
Spices;08/11/2016;560;128.8
Flour;6/13/2016;2047;634.57
Fresh Fruits;6/13/2016;1006;201.2
Eggs;12/13/2016;1083;292.41
Fish;6/21/2018;2277;637.56
Health Drinks;1/15/2017;561;190.74
Edible Oil & Ghee;03/02/2015;1733;675.87
Meat;07/03/2018;2405;721.5
Breads & Buns;2/17/2018;1364;190.96
Meat;11/14/2015;2272;227.2
Breads & Buns;9/15/2018;1214;497.74
Fresh Fruits;11/11/2015;683;129.77
Fish;7/23/2016;584;210.24
Breads & Buns;8/26/2015;1590;556.5
Organic Vegetables;9/21/2015;2391;765.12
Soft Drinks;07/04/2016;949;427.05
Fresh Fruits;04/10/2016;1089;141.57
Noodles;7/31/2018;2344;117.2
Fish;4/13/2015;1716;188.76
Health Drinks;09/11/2016;1265;354.2
Edible Oil & Ghee;11/13/2017;1622;308.18
Edible Oil & Ghee;12/01/2018;1213;242.6
Soft Drinks;5/21/2015;1377;165.24
Breads & Buns;12/13/2016;1268;519.88
Legumes;10/06/2018;1268;266.28
Cakes;12/31/2015;1402;546.78
Cookies;11/30/2018;2087;667.84
Health Drinks;10/06/2018;2198;219.8
Biscuits;11/09/2016;2288;938.08
Noodles;10/04/2017;1694;338.8
Salt;12/14/2018;1593;653.13
Meat;8/29/2017;762;297.18
Breads & Buns;09/11/2016;2154;603.12
Eggs;8/22/2016;1309;327.25
Chocolates;09/11/2016;1540;415.8
Biscuits;7/16/2016;2226;868.14
Health Drinks;09/08/2017;2354;164.78
Noodles;11/11/2015;1201;372.31
Salt;08/11/2018;546;43.68
Meat;12/31/2015;786;345.84
Edible Oil & Ghee;04/08/2018;1740;191.4
Salt;11/30/2018;716;207.64
Breads & Buns;12/22/2015;860;378.4
Eggs;04/10/2016;667;266.8
Organic Fruits;04/08/2018;1725;362.25
Health Drinks;11/16/2016;2111;337.76
Fish;05/09/2017;1246;323.96
Organic Staples;7/31/2018;1095;361.35
Flour;09/01/2016;2319;371.04
Spices;6/21/2018;1608;466.32
Cookies;12/27/2016;727;196.29
Organic Staples;8/21/2018;2447;195.76
Spices;11/11/2015;2045;122.7
Chocolates;03/02/2015;1823;455.75
Organic Vegetables;7/17/2018;2160;453.6
Fresh Fruits;04/10/2018;1016;365.76
Breads & Buns;9/22/2018;501;140.28
Noodles;2/17/2018;1383;401.07
Cakes;12/02/2017;632;221.2
Organic Staples;5/21/2015;2352;729.12
Spices;2/23/2016;1584;190.08
Health Drinks;08/06/2018;910;63.7
Chocolates;11/19/2017;1374;219.84
Biscuits;12/14/2018;2299;850.63
Soft Drinks;09/11/2016;2431;607.75
Biscuits;09/01/2016;1697;695.77
Spices;11/26/2018;2219;821.03
Chicken;5/21/2015;1220;146.4
Cookies;3/19/2018;2037;488.88
Meat;08/06/2018;1536;322.56
Breads & Buns;6/21/2018;1513;302.6
Eggs;7/16/2016;1264;202.24
Meat;04/08/2017;2022;323.52
Noodles;10/21/2018;1577;299.63
Chocolates;11/10/2017;636;286.2
Legumes;03/11/2018;603;66.33
Salt;10/21/2018;606;157.56
Health Drinks;03/10/2018;2225;511.75
Salt;2/23/2016;2462;1009.42
Legumes;05/06/2017;583;215.71
Meat;08/01/2015;2337;537.51
Health Drinks;07/07/2017;1266;202.56
Fresh Fruits;06/04/2015;1990;835.8
Legumes;05/06/2017;1018;407.2
Flour;11/11/2018;1689;692.49
Eggs;11/10/2017;1339;187.46
Organic Fruits;8/21/2016;1180;377.6
Fresh Vegetables;12/03/2016;734;51.38
Fresh Fruits;12/23/2017;1093;426.27
Chicken;06/02/2018;1379;455.07
Meat;6/22/2018;2022;363.96
Organic Fruits;6/25/2016;1216;510.72
Organic Staples;8/21/2016;2373;308.49
Chicken;05/12/2018;666;266.4
Biscuits;5/24/2017;729;291.6
Edible Oil & Ghee;06/07/2016;2231;803.16
Meat;04/04/2016;933;345.21
Fish;7/23/2018;860;378.4
Meat;03/03/2015;2079;457.38
Meat;11/19/2017;773;293.74
Rice;11/24/2017;2305;760.65
Fresh Vegetables;06/05/2017;2035;834.35
Organic Fruits;11/10/2017;979;332.86
Fresh Fruits;10/20/2018;1313;407.03
Edible Oil & Ghee;11/10/2017;1987;874.28
Cookies;11/26/2018;1754;719.14
Salt;04/04/2016;1614;145.26
Soft Drinks;9/23/2015;2104;589.12
Cookies;11/04/2015;1641;82.05
Chicken;12/16/2018;945;179.55
Meat;11/10/2017;1884;697.08
Edible Oil & Ghee;9/26/2015;1285;398.35
Eggs;10/04/2016;2108;400.52
Fish;7/18/2017;1492;164.12
Cakes;9/16/2018;2436;584.64
Soft Drinks;06/05/2017;1483;163.13
Cakes;04/05/2016;2310;277.2
Meat;03/03/2015;2472;914.64
Health Drinks;12/01/2018;1994;458.62
Salt;9/22/2017;1151;299.26
Soft Drinks;4/19/2017;912;364.8
Chocolates;06/07/2016;527;179.18
Soft Drinks;09/11/2017;1101;264.24
Legumes;9/26/2015;1898;284.7
Health Drinks;06/07/2017;1261;75.66
Health Drinks;6/25/2016;706;35.3
Meat;8/21/2016;2259;135.54
Flour;04/05/2016;1724;379.28
Organic Staples;11/13/2017;868;156.24
Chicken;7/21/2018;752;97.76
Soft Drinks;7/18/2017;2100;588
Cakes;11/22/2017;1100;220
Salt;6/26/2016;1284;77.04
Organic Staples;9/23/2015;806;354.64
Biscuits;7/18/2017;521;161.51
Cakes;12/22/2015;2170;173.6
Flour;03/06/2017;1623;405.75
Organic Staples;03/11/2018;1023;337.59
Organic Staples;12/26/2018;1579;521.07
Cookies;8/21/2016;665;66.5
Fish;11/24/2015;1565;563.4
Flour;7/21/2018;516;144.48
Chicken;09/11/2017;1266;177.24
Breads & Buns;6/22/2018;860;137.6
Biscuits;10/21/2018;1642;623.96
Health Drinks;06/07/2016;1614;322.8
Fresh Fruits;7/25/2016;664;79.68
Health Drinks;04/05/2016;522;219.24
Breads & Buns;07/07/2017;2442;683.76
Fresh Fruits;07/07/2017;1546;247.36
Meat;6/22/2018;564;62.04
Fresh Vegetables;04/08/2017;1536;691.2
Breads & Buns;12/08/2017;1362;136.2
Salt;11/10/2017;2121;318.15
Spices;4/23/2015;866;303.1
Rice;1/31/2017;1706;750.64
Eggs;11/24/2018;2210;574.6
Organic Vegetables;08/04/2017;2305;945.05
Legumes;5/23/2017;2285;982.55
Noodles;01/06/2015;1495;194.35
Organic Vegetables;3/30/2018;766;137.88
Soft Drinks;9/24/2018;2079;873.18
Edible Oil & Ghee;3/13/2017;1576;504.32
Health Drinks;06/11/2018;1562;265.54
Salt;11/04/2018;1907;572.1
Salt;01/06/2015;1113;144.69
Chicken;5/25/2018;1539;584.82
Soft Drinks;6/28/2016;1537;307.4
Organic Vegetables;01/06/2015;2201;352.16
Rice;5/27/2018;2014;725.04
Legumes;12/20/2017;2413;386.08
Chocolates;09/10/2015;699;83.88
Eggs;3/26/2018;1920;537.6
Fresh Fruits;08/04/2017;1036;145.04
Meat;5/25/2017;1358;393.82
Edible Oil & Ghee;3/15/2017;816;342.72
Chocolates;1/26/2015;2431;121.55
Organic Fruits;08/04/2017;2381;380.96
Fresh Fruits;9/24/2018;1558;218.12
Health Drinks;5/15/2017;584;204.4
Health Drinks;06/12/2018;1165;442.7
Salt;8/17/2018;717;143.4
Edible Oil & Ghee;06/09/2016;2168;802.16
Organic Fruits;11/01/2017;1249;137.39
Organic Fruits;08/08/2017;2449;685.72
Breads & Buns;12/15/2017;2451;661.77
Fresh Fruits;1/26/2015;1050;451.5
Salt;9/24/2018;1172;492.24
Cookies;5/15/2017;1160;81.2
Chocolates;3/13/2017;1118;480.74
Noodles;01/06/2015;2157;258.84
Biscuits;04/08/2017;1957;587.1
Salt;9/14/2017;1214;485.6
Fish;03/11/2017;979;88.11
Chocolates;9/19/2018;1496;628.32
Health Drinks;6/28/2016;1391;570.31
Cookies;9/24/2018;2439;585.36
Eggs;7/24/2016;774;100.62
Organic Fruits;04/08/2017;543;48.87
Meat;01/06/2018;1747;209.64
Meat;09/11/2018;889;266.7
Biscuits;5/15/2017;523;73.22
Edible Oil & Ghee;1/31/2017;873;157.14
Organic Staples;1/26/2015;1991;696.85
Cookies;7/24/2016;1609;209.17
Chicken;5/25/2017;2322;255.42
Legumes;11/24/2018;1718;257.7
Salt;3/15/2017;2166;888.06
Chocolates;08/12/2015;1665;482.85
Health Drinks;4/23/2018;1818;563.58
Noodles;11/25/2017;2361;637.47
Organic Vegetables;9/22/2016;829;66.32
Eggs;12/28/2018;2006;240.72
Chicken;11/24/2017;2052;184.68
Biscuits;04/07/2018;2004;521.04
Edible Oil & Ghee;9/22/2016;756;60.48
Eggs;4/30/2018;2367;189.36
Fish;12/20/2016;901;108.12
Noodles;3/17/2018;1639;163.9
Organic Fruits;10/24/2015;1337;200.55
Organic Staples;10/27/2015;1824;145.92
Biscuits;09/05/2018;654;111.18
Chicken;10/03/2015;889;364.49
Health Drinks;08/12/2015;1008;70.56
Meat;8/21/2017;771;131.07
Cakes;11/11/2017;921;349.98
Legumes;4/30/2018;881;334.78
Fresh Vegetables;3/18/2015;1970;98.5
Chicken;10/03/2015;1378;275.6
Organic Vegetables;3/18/2015;618;111.24
Salt;10/07/2018;1619;728.55
Fresh Vegetables;4/30/2018;696;174
Organic Staples;10/27/2015;1445;260.1
Breads & Buns;2/21/2017;2443;171.01
Soft Drinks;10/21/2018;745;208.6
Cakes;8/21/2017;1308;196.2
Biscuits;9/22/2016;839;41.95
Noodles;11/24/2017;727;268.99
Eggs;3/18/2015;876;131.4
Health Drinks;05/05/2017;1570;298.3
Health Drinks;10/07/2018;2429;145.74
Organic Fruits;9/22/2016;688;96.32
Cakes;08/12/2015;1461;394.47
Organic Staples;1/24/2016;1761;757.23
Fresh Vegetables;08/12/2015;1665;549.45
Biscuits;3/14/2015;1985;794
Fresh Vegetables;08/12/2015;1679;251.85
Chocolates;1/21/2018;1056;306.24
Cakes;11/11/2017;1935;367.65
Biscuits;2/21/2017;1599;223.86
Rice;12/21/2015;616;227.92
Chocolates;9/22/2016;1585;396.25
Fresh Fruits;9/24/2018;2255;856.9
Fish;4/30/2018;775;186
Soft Drinks;2/21/2017;2000;620
Soft Drinks;08/09/2017;639;191.7
Soft Drinks;10/19/2018;1916;536.48
Breads & Buns;12/02/2018;512;168.96
Organic Staples;10/02/2016;1205;228.95
Rice;08/09/2017;1177;282.48
Salt;10/07/2018;1662;398.88
Fresh Vegetables;1/21/2018;1288;334.88
Noodles;10/21/2017;1285;295.55
Salt;11/18/2017;875;140
Fresh Vegetables;12/27/2015;1051;189.18
Salt;11/21/2018;1319;197.85
Organic Fruits;01/07/2017;1593;334.53
Organic Staples;03/04/2017;2012;120.72
Legumes;5/22/2018;603;162.81
Salt;09/01/2018;2480;669.6
Eggs;4/24/2018;1155;277.2
Salt;10/01/2015;1022;439.46
Cookies;07/09/2015;1883;357.77
Fresh Vegetables;06/07/2017;1945;466.8
Spices;05/05/2017;1150;368
Breads & Buns;12/24/2015;2361;920.79
Edible Oil & Ghee;09/08/2015;1289;335.14
Cakes;12/24/2015;2045;879.35
Cakes;12/10/2016;1435;631.4
Meat;11/21/2018;1952;156.16
Health Drinks;12/18/2018;601;228.38
Organic Staples;07/09/2015;2070;269.1
Spices;11/28/2016;1402;112.16
Breads & Buns;8/28/2018;2153;193.77
Edible Oil & Ghee;11/13/2017;877;61.39
Organic Fruits;9/26/2016;1004;150.6
Eggs;11/21/2018;2001;700.35
Chocolates;11/09/2016;1541;678.04
Health Drinks;09/08/2015;2346;445.74
Legumes;10/03/2017;1604;160.4
Biscuits;05/06/2015;1015;395.85
Biscuits;4/26/2015;1244;522.48
Fresh Vegetables;1/23/2016;1932;734.16
Noodles;3/27/2018;2338;1005.34
Eggs;3/27/2018;2238;850.44
Spices;9/16/2017;918;201.96
Rice;10/03/2017;2208;772.8
Edible Oil & Ghee;10/03/2017;1784;642.24
Soft Drinks;12/06/2017;1531;199.03
Fresh Fruits;06/01/2016;1195;394.35
Fresh Fruits;12/25/2016;953;76.24
Salt;2/20/2015;1319;342.94
Chicken;11/07/2017;1347;525.33
Flour;11/26/2015;1159;115.9
Health Drinks;10/05/2018;1839;386.19
Cakes;11/21/2015;1380;220.8
Biscuits;10/06/2018;2268;635.04
Soft Drinks;10/15/2017;1989;556.92
Health Drinks;9/18/2016;1416;594.72
Cookies;07/08/2018;1577;473.1
Chocolates;11/21/2018;2424;484.8
Rice;8/18/2018;1919;211.09
Biscuits;9/26/2015;1121;67.26
Organic Fruits;6/16/2018;1048;356.32
Fish;4/16/2018;2451;1004.91
Fresh Fruits;4/25/2015;2344;187.52
Flour;5/22/2018;785;47.1
Health Drinks;1/30/2018;1792;806.4
Organic Fruits;07/08/2018;1184;189.44
Chicken;12/27/2015;772;347.4
Health Drinks;10/02/2018;522;109.62
Fish;11/01/2015;1202;180.3
Flour;3/27/2018;1892;321.64
Legumes;11/27/2016;664;159.36
Soft Drinks;3/13/2018;505;25.25
Cookies;1/23/2016;1656;149.04
Legumes;6/16/2018;1763;334.97
Edible Oil & Ghee;4/26/2018;2293;550.32
Edible Oil & Ghee;12/27/2015;2192;394.56
Meat;9/26/2016;2444;366.6
Cookies;12/17/2017;635;69.85
Breads & Buns;11/24/2017;1618;420.68
Soft Drinks;9/20/2015;1574;173.14
Legumes;8/25/2016;1011;131.43
Eggs;10/06/2018;1834;788.62
Legumes;11/16/2018;853;255.9
Soft Drinks;08/01/2016;1087;86.96
Biscuits;07/08/2018;677;216.64
Chicken;03/06/2018;1185;201.45
Salt;9/17/2017;2269;816.84
Spices;02/04/2015;1033;185.94
Organic Staples;04/08/2018;1455;567.45
Salt;4/30/2018;1786;232.18
Edible Oil & Ghee;6/16/2018;2105;799.9
Fresh Fruits;07/09/2015;2159;259.08
Soft Drinks;3/21/2018;2334;210.06
Spices;10/19/2016;1353;230.01
Organic Vegetables;09/08/2015;1123;101.07
Biscuits;1/15/2018;608;115.52
Eggs;4/26/2015;1265;202.4
Chicken;9/19/2016;2326;232.6
Chicken;12/01/2016;1492;552.04
Fish;12/14/2018;726;130.68
Spices;02/02/2015;904;280.24
Health Drinks;10/23/2017;1937;174.33
Breads & Buns;06/06/2017;914;100.54
Meat;1/31/2017;784;39.2
Meat;11/01/2015;2479;818.07
Noodles;02/06/2018;1497;673.65
Health Drinks;04/08/2018;1030;247.2
Biscuits;07/09/2015;1694;135.52
Noodles;12/06/2016;1588;444.64
Cookies;9/26/2017;1808;614.72
Noodles;06/06/2018;1936;96.8
Biscuits;7/22/2017;2340;210.6
Noodles;7/15/2017;1435;186.55
Chicken;08/08/2017;735;124.95
Breads & Buns;01/05/2016;876;394.2
Fish;9/26/2017;750;150
Spices;05/06/2015;1098;164.7
Eggs;7/22/2015;1667;733.48
Salt;03/06/2018;1132;396.2
Salt;11/20/2016;642;64.2
Eggs;04/04/2015;1016;457.2
Breads & Buns;11/04/2017;2313;1017.72
Organic Staples;5/30/2017;2044;899.36
Fish;12/07/2018;2429;534.38
Chocolates;11/20/2016;1324;397.2
Health Drinks;12/06/2017;1103;286.78
Noodles;1/30/2018;635;254
Biscuits;12/06/2017;1467;337.41
Spices;3/21/2018;832;266.24
Biscuits;06/06/2017;2378;356.7
Chocolates;12/27/2017;872;331.36
Legumes;03/06/2018;799;279.65
Chocolates;3/18/2015;1647;230.58
Organic Staples;10/02/2018;637;210.21
Eggs;12/07/2015;705;190.35
Biscuits;5/21/2015;1500;405
Meat;08/09/2015;2425;315.25
Salt;5/13/2018;2128;106.4
Health Drinks;4/26/2018;1403;364.78
Cookies;10/15/2017;2178;675.18
Legumes;10/15/2017;2064;206.4
Rice;07/12/2015;971;223.33
Spices;06/03/2018;1244;161.72
Rice;10/09/2017;2071;455.62
Cookies;06/07/2017;2442;1050.06
Fresh Vegetables;11/04/2017;1254;250.8
Flour;8/27/2016;1566;689.04
Edible Oil & Ghee;10/27/2018;1422;142.2
Soft Drinks;12/15/2017;1497;553.89
Cookies;9/25/2015;2420;193.6
Biscuits;6/25/2018;512;158.72
Biscuits;11/04/2017;1485;103.95
Health Drinks;09/03/2016;711;127.98
Rice;7/19/2015;1074;64.44
Meat;09/06/2016;2203;638.87
Flour;2/20/2018;1681;201.72
Noodles;4/27/2016;595;160.65
Flour;8/31/2018;1621;275.57
Salt;08/07/2016;1826;219.12
Fresh Fruits;9/20/2015;784;156.8
Rice;12/27/2015;553;105.07
Organic Staples;02/04/2015;1871;729.69
Breads & Buns;8/31/2018;1603;609.14
Cakes;07/08/2018;1712;188.32
Health Drinks;6/25/2018;2083;874.86
Soft Drinks;6/18/2016;2262;271.44
Chocolates;4/24/2017;739;125.63
Fresh Vegetables;4/28/2017;1886;810.98
Fresh Fruits;12/06/2017;1106;453.46
Fresh Fruits;12/11/2016;1470;88.2
Cakes;10/05/2018;1979;692.65
Soft Drinks;10/27/2017;1936;484
Fresh Fruits;4/17/2018;2414;386.24
Eggs;4/27/2016;506;86.02
Chocolates;09/03/2018;2409;939.51
Organic Vegetables;4/30/2018;922;221.28
Rice;08/08/2017;2263;203.67
Fresh Vegetables;10/02/2018;664;232.4
Legumes;10/05/2018;1848;702.24
Health Drinks;11/05/2017;2038;550.26
Fresh Vegetables;10/15/2017;896;62.72
Cookies;8/28/2018;1354;257.26
Breads & Buns;2/20/2018;527;168.64
Flour;07/05/2015;1380;151.8
Organic Staples;07/09/2015;1337;441.21
Cookies;01/05/2016;706;77.66
Rice;07/09/2015;786;322.26
Biscuits;3/21/2018;1899;626.67
Breads & Buns;6/25/2018;1409;352.25
Noodles;3/13/2017;648;174.96
Flour;05/06/2015;1398;265.62
Noodles;04/08/2015;978;420.54
Soft Drinks;03/06/2018;1406;421.8
Flour;11/20/2016;943;56.58
Chocolates;9/24/2017;1263;505.2
Soft Drinks;12/06/2017;962;317.46
Fresh Fruits;12/14/2018;557;206.09
Legumes;6/18/2016;2098;713.32
Legumes;1/23/2018;700;98
Noodles;4/24/2017;1332;239.76
Chocolates;4/17/2018;2114;930.16
Rice;4/17/2018;2202;726.66
Fish;4/17/2018;1122;359.04
Cakes;6/18/2016;1498;419.44
Meat;8/20/2017;941;395.22
Chocolates;7/23/2018;2122;721.48
Spices;9/24/2016;1520;106.4
Soft Drinks;12/20/2016;2069;310.35
Edible Oil & Ghee;6/13/2018;523;172.59
Cookies;09/07/2015;2428;728.4
Fresh Fruits;09/07/2015;610;244
Chocolates;2/17/2018;1994;498.5
Organic Staples;3/30/2015;559;100.62
Edible Oil & Ghee;3/14/2015;1572;675.96
Eggs;04/04/2018;1231;517.02
Cookies;10/22/2018;1924;461.76
Organic Staples;04/04/2018;1714;702.74
Health Drinks;11/26/2017;1997;259.61
Organic Vegetables;03/07/2016;1878;394.38
Chocolates;12/31/2015;1585;317
Biscuits;03/07/2016;1799;323.82
Rice;8/27/2018;2428;412.76
Organic Vegetables;9/14/2018;2412;1085.4
Organic Staples;10/22/2018;540;178.2
Flour;10/01/2018;1963;530.01
Breads & Buns;11/01/2016;2417;169.19
Meat;04/06/2015;523;83.68
Fresh Fruits;10/22/2018;1173;187.68
Chicken;11/24/2017;756;128.52
Chocolates;2/17/2018;520;109.2
Cookies;4/20/2018;1708;409.92
Salt;10/13/2015;2393;981.13
Organic Fruits;04/04/2017;1223;550.35
Edible Oil & Ghee;04/02/2018;1331;545.71
Noodles;09/08/2018;2204;947.72
Edible Oil & Ghee;10/12/2018;2055;472.65
Organic Staples;6/14/2017;995;238.8
Legumes;05/09/2018;2288;228.8
Chicken;03/10/2017;2221;288.73
Health Drinks;7/19/2017;1597;495.07
Cakes;12/16/2015;2259;406.62
Chocolates;11/03/2018;2208;794.88
Flour;07/01/2017;1793;519.97
Legumes;9/28/2018;1934;328.78
Meat;10/05/2018;1812;344.28
Biscuits;06/08/2018;1386;110.88
Organic Fruits;7/19/2017;703;105.45
Fresh Fruits;12/18/2017;958;277.82
Chocolates;03/10/2017;878;175.6
Biscuits;09/04/2018;2393;526.46
Salt;11/12/2017;1097;120.67
Fresh Fruits;12/18/2017;1836;257.04
Legumes;12/05/2018;2051;102.55
Organic Fruits;12/16/2015;1171;281.04
Soft Drinks;1/30/2018;943;358.34
Spices;10/06/2017;1562;562.32
Noodles;12/24/2018;2045;265.85
Cookies;03/10/2017;2271;522.33
Salt;10/06/2017;1213;545.85
Salt;10/21/2018;2397;503.37
Spices;3/13/2018;1272;419.76
Organic Fruits;3/13/2018;1382;428.42
Breads & Buns;3/13/2018;1351;405.3
Edible Oil & Ghee;07/01/2017;843;303.48
Meat;12/10/2016;1853;296.48
Fresh Fruits;9/29/2018;1582;585.34
Spices;04/07/2015;1337;213.92
Edible Oil & Ghee;02/05/2017;2071;911.24
Health Drinks;02/05/2017;1405;309.1
Soft Drinks;5/16/2016;2347;985.74
Fresh Fruits;11/06/2018;2174;543.5
Spices;07/03/2018;1586;586.82
Salt;07/03/2018;1400;336
Breads & Buns;07/03/2018;2264;860.32
Rice;11/12/2018;1429;457.28
Breads & Buns;11/12/2018;1995;837.9
Breads & Buns;09/12/2017;2046;184.14
Legumes;07/04/2017;2468;789.76
Fish;07/04/2017;661;244.57
Chicken;11/12/2018;1357;94.99
Legumes;07/03/2018;1143;434.34
Cakes;12/31/2015;681;136.2
Noodles;12/06/2016;1890;756
Organic Staples;10/30/2016;2071;207.1
Biscuits;04/09/2017;687;130.53
Spices;6/13/2017;1752;297.84
Flour;10/17/2017;1052;294.56
Organic Fruits;11/16/2016;2351;869.87
Health Drinks;5/18/2018;2433;1021.86
Chicken;6/26/2017;2308;669.32
Breads & Buns;10/27/2018;1029;154.35
Cakes;5/13/2016;1884;339.12
Fresh Vegetables;6/30/2018;2463;763.53
Fresh Fruits;4/24/2017;1310;510.9
Chocolates;10/20/2015;1727;552.64
Meat;09/02/2017;1684;690.44
Legumes;12/08/2016;1614;581.04
Biscuits;04/11/2015;1651;115.57
Chocolates;12/08/2016;1983;237.96
Organic Staples;9/17/2018;1683;589.05
Cookies;6/30/2017;546;191.1
Health Drinks;12/21/2016;1660;415
Cookies;3/29/2017;2450;1102.5
Rice;12/21/2016;2193;131.58
Cookies;11/27/2016;2207;353.12
Health Drinks;08/02/2016;2392;143.52
Soft Drinks;10/01/2016;1901;380.2
Noodles;9/25/2016;537;91.29
Health Drinks;10/03/2018;1139;250.58
Health Drinks;04/04/2017;2261;655.69
Fresh Vegetables;08/02/2016;1122;112.2
Spices;9/25/2016;768;130.56
Salt;11/13/2018;1340;415.4
Fish;12/19/2016;1931;270.34
Salt;6/20/2016;2088;125.28
Meat;01/11/2017;2211;596.97
Cookies;05/10/2017;910;282.1
Chocolates;3/16/2018;805;209.3
Flour;9/16/2018;690;41.4
Fresh Vegetables;12/25/2018;2167;195.03
Organic Staples;12/10/2018;1536;583.68
Rice;12/10/2018;788;86.68
Edible Oil & Ghee;3/31/2018;2350;1057.5
Salt;4/17/2017;1249;187.35
Noodles;3/16/2015;2029;142.03
Organic Staples;11/30/2018;1837;753.17
Cookies;02/08/2017;2398;719.4
Biscuits;5/26/2016;1926;154.08
Legumes;12/24/2017;1430;257.4
Spices;6/16/2017;1953;292.95
Health Drinks;5/19/2018;1162;139.44
Fresh Vegetables;9/30/2018;1137;511.65
Fresh Fruits;11/07/2018;769;261.46
Salt;1/28/2018;1671;501.3
Cookies;11/08/2016;1047;439.74
Rice;3/13/2018;1249;74.94
Salt;12/22/2017;1366;519.08
Fish;10/31/2015;1437;502.95
Chicken;3/16/2018;978;332.52
Flour;11/07/2018;2153;645.9
Organic Fruits;2/26/2018;1876;525.28
Rice;3/13/2018;1238;297.12
Health Drinks;11/11/2015;2078;851.98
Spices;08/08/2015;1354;94.78
Eggs;11/10/2016;939;225.36
Chocolates;1/21/2018;2153;215.3
Breads & Buns;10/15/2017;2141;578.07
Rice;5/30/2017;1211;121.1
Fresh Vegetables;08/02/2015;1227;355.83
Breads & Buns;8/23/2017;1164;162.96
Meat;11/26/2018;989;405.49
Health Drinks;11/16/2015;1356;488.16
Biscuits;8/29/2016;2389;430.02
Organic Vegetables;08/08/2015;1986;198.6
Fish;6/29/2016;584;29.2
Eggs;8/26/2017;1053;179.01
Soft Drinks;1/14/2018;1927;308.32
Salt;1/14/2018;1991;159.28
Breads & Buns;1/14/2018;569;119.49
Organic Staples;11/26/2018;2426;145.56
Health Drinks;09/12/2015;633;253.2
Flour;1/21/2018;1398;83.88
Salt;8/29/2016;776;194
Cakes;12/12/2017;1020;153
Organic Fruits;1/21/2018;1028;339.24
Eggs;2/17/2018;951;152.16
Health Drinks;5/28/2017;1480;118.4
Chocolates;11/12/2018;698;139.6
Chocolates;12/19/2016;1377;261.63
Breads & Buns;11/12/2018;898;404.1
Fish;12/14/2018;2048;593.92
Health Drinks;10/12/2018;2500;325
Noodles;10/18/2016;870;374.1
Organic Fruits;12/14/2018;860;215
Noodles;11/22/2016;1292;348.84
Organic Fruits;7/14/2015;1168;221.92
Salt;03/08/2017;2322;348.3
Cookies;05/06/2018;2369;734.39
Rice;8/23/2017;1448;289.6
Organic Staples;10/12/2018;1824;200.64
Cookies;04/10/2018;1775;479.25
Salt;03/03/2015;1289;180.46
Biscuits;9/15/2018;570;57
Flour;6/13/2016;840;294
Noodles;12/14/2018;1460;423.4
Organic Fruits;11/09/2016;2448;1052.64
Breads & Buns;9/21/2016;2429;607.25
Meat;08/11/2016;540;37.8
Fresh Fruits;7/17/2018;874;201.02
Edible Oil & Ghee;8/26/2015;1597;590.89
Meat;03/07/2018;1027;61.62
Legumes;1/15/2017;1854;389.34
Health Drinks;6/17/2018;1619;437.13
Biscuits;11/30/2018;1752;700.8
Soft Drinks;03/01/2015;2238;447.6
Chicken;03/11/2018;1793;251.02
Cakes;10/06/2018;1047;272.22
Breads & Buns;12/31/2015;1954;273.56
Breads & Buns;11/16/2018;1192;512.56
Soft Drinks;11/13/2017;1591;604.58
Soft Drinks;8/29/2017;1989;576.81
Edible Oil & Ghee;03/09/2017;2213;531.12
Eggs;6/17/2018;2475;346.5
Legumes;08/06/2018;667;286.81
Eggs;12/02/2017;1105;475.15
Organic Staples;04/06/2017;1042;52.1
Fish;09/07/2016;1559;265.03
Chocolates;1/28/2018;1962;804.42
Cookies;10/04/2017;1444;303.24
Flour;07/03/2018;646;64.6
Organic Staples;11/03/2017;1406;140.6
Flour;9/26/2015;1986;198.6
Cookies;12/03/2016;772;162.12
Fish;11/14/2016;943;169.74
Edible Oil & Ghee;1/22/2017;1602;224.28
Cakes;3/15/2017;1965;687.75
Rice;8/21/2016;746;82.06
Chocolates;11/10/2017;818;261.76
Organic Fruits;06/02/2018;2491;722.39
Salt;07/07/2017;1233;320.58
Organic Vegetables;03/06/2017;1879;394.59
Biscuits;04/05/2016;1993;279.02
Legumes;9/24/2018;1515;651.45
Organic Staples;03/10/2018;942;329.7
Fresh Vegetables;03/06/2017;2014;181.26
Eggs;1/22/2017;2290;229
Noodles;03/11/2018;2087;313.05
Organic Vegetables;12/23/2017;872;148.24
Salt;04/05/2016;1652;479.08
Breads & Buns;7/21/2018;920;220.8
Meat;11/10/2017;1847;591.04
Spices;12/01/2018;2447;1052.21
Soft Drinks;11/27/2016;1504;300.8
Spices;8/26/2018;940;423
Fish;9/24/2018;2002;600.6
Edible Oil & Ghee;01/06/2015;796;143.28
Salt;1/26/2015;1350;499.5
Organic Staples;11/01/2017;741;303.81
Biscuits;11/05/2015;1369;506.53
Breads & Buns;3/26/2018;1790;608.6
Cakes;5/27/2018;2084;395.96
Legumes;5/30/2016;1560;218.4
Fish;01/06/2015;1258;364.82
Edible Oil & Ghee;05/01/2018;1328;305.44
Cakes;8/17/2018;2499;924.63
Spices;1/26/2015;1916;383.2
Meat;7/24/2016;2401;408.17
Biscuits;8/20/2018;2371;592.75
Soft Drinks;7/31/2018;1688;185.68
Breads & Buns;4/23/2018;2034;549.18
Biscuits;04/07/2018;1363;340.75
Breads & Buns;10/07/2018;854;196.42
Fish;11/09/2018;1712;188.32
Soft Drinks;9/26/2017;1316;78.96
Health Drinks;05/05/2017;1141;68.46
Noodles;10/24/2017;1411;395.08
Biscuits;11/09/2018;664;205.84
Fresh Vegetables;9/24/2018;1610;370.3
Cookies;08/12/2015;1480;148
Chocolates;11/02/2015;1560;624
Soft Drinks;3/18/2015;2379;428.22
Cookies;3/18/2015;1843;829.35
Soft Drinks;05/07/2018;2088;668.16
Cookies;11/21/2015;765;252.45
Cookies;06/06/2017;2038;855.96
Soft Drinks;11/20/2016;2400;336
Organic Fruits;09/03/2018;974;321.42
Noodles;11/03/2016;2053;882.79
Flour;10/19/2016;2289;1007.16
Breads & Buns;12/24/2015;1638;376.74
Organic Fruits;11/27/2016;814;252.34
Organic Vegetables;11/06/2018;1379;262.01
Spices;04/08/2015;2330;1025.2
Health Drinks;9/26/2017;1693;304.74
Salt;10/24/2017;2386;190.88
Chicken;10/01/2018;2325;558
Rice;10/11/2015;2098;734.3
Chocolates;12/16/2017;1574;456.46
Spices;2/20/2018;1296;466.56
Edible Oil & Ghee;5/20/2018;2122;169.76
Meat;11/18/2017;2471;296.52
Organic Fruits;1/31/2017;1157;185.12
Cakes;5/30/2018;1005;281.4
Chocolates;1/23/2018;1682;336.4
Rice;5/30/2018;2040;244.8
Cookies;7/17/2018;2068;124.08
Rice;12/06/2017;922;396.46
Chicken;11/24/2017;664;252.32
Noodles;03/06/2018;1981;614.11
Breads & Buns;08/09/2015;784;164.64
Salt;9/17/2017;2132;383.76
Noodles;10/02/2018;940;253.8
Chocolates;2/20/2018;2500;325
Cookies;05/05/2017;2377;237.7
Rice;12/24/2015;1733;658.54
Health Drinks;11/21/2018;1885;414.7
Salt;06/06/2017;2126;382.68
Health Drinks;3/28/2015;2028;628.68
Cookies;3/19/2016;1195;250.95
Cakes;3/18/2015;1418;567.2
Legumes;8/31/2018;1251;387.81
Fresh Vegetables;08/09/2015;1694;694.54
Organic Vegetables;8/28/2018;1309;183.26
Rice;12/06/2017;2335;607.1
Salt;8/31/2016;727;109.05
Meat;11/13/2016;1286;475.82
Biscuits;05/08/2018;2199;153.93
Fresh Vegetables;10/19/2015;1350;67.5
Cookies;11/03/2016;1460;452.6
Eggs;12/24/2015;945;359.1
Biscuits;07/12/2015;1195;71.7
Rice;06/06/2017;1567;501.44
Spices;10/16/2018;1659;597.24
Flour;4/17/2018;1034;165.44
